2492 3900
321 236 489 299 Ladmus,
515 236 601 289 SIVE
625 236 676 287 DII
699 235 883 287 AMICITIA.
1021 235 1082 296 235

127 434 263 497 quocum
283 414 531 477 coniunctissime
548 423 581 475 et
600 413 809 473 amantissime
823 411 952 486 vixerat,
966 422 1083 494 quanta

127 522 212 574 esset
231 514 391 573 hominum
409 497 459 573 vel
481 512 645 571 admiratio
665 512 715 571 vel
736 511 880 590 querella
921 512 949 571 3.
971 509 1082 591 Itaque

127 619 196 671 tum
212 609 368 682 Scaevola,
383 628 453 667 cum
468 608 500 667 in
515 628 584 667 eam
597 607 696 687 ipsam
711 607 901 667 mentionem
915 607 1082 682 incidisset,

128 707 273 786 exposuit
287 704 375 765 nobis
390 723 564 764 sermonem
578 704 677 764 Laelii
691 704 731 763 de
746 704 882 763 amicitia
891 705 1031 765 habitum
1043 705 1082 765 ab

128 802 182 862 illo
196 822 301 863 seeum
315 811 347 863 et
361 821 432 863 cum
447 796 544 861 altero
565 821 681 879 genero
703 800 738 862 Ο.
754 800 884 876 Fannio,
898 802 996 863 Marci
1009 804 1082 877 filie,
1112 800 1130 860 5

128 900 235 979 paucis
261 899 369 959 diebus
391 908 464 978 post
489 909 621 958 mertem
646 897 793 958 Africani.
849 898 927 959 Eius
949 901 1083 980 disputa·

129 996 223 1057 tionis
238 996 406 1056 sententias
422 995 585 1055 memoriae
607 994 762 1069 mandavi,
777 1016 854 1075 quas
866 998 925 1057 hoe
941 997 1019 1058 libro
1034 1018 1083 1057 ex·

128 1092 219 1173 posui
235 1092 382 1152 arbitratu
396 1111 466 1155 meo
477 1111 486 1165 3
508 1091 594 1170 quasi
606 1092 690 1150 enim
701 1092 784 1171 ipsos
794 1093 902 1151 induxi
913 1094 1083 1172 loquentes,

129 1209 169 1249 ne
184 1189 335 1270 “inquam
347 1188 364 1217 ’'
386 1174 425 1249 et
438 1187 593 1268 “inquit”
614 1188 738 1268 saepius
759 1189 1014 1269 interponeretur,
1038 1201 1083 1251 at-

130 1306 191 1369 que
216 1296 251 1345 ut
274 1296 432 1366 tamquam
458 1304 476 1344 a
498 1286 712 1363 praesentibus
733 1305 833 1345 coram
854 1285 962 1345 haberi
981 1306 1083 1345 sermo
1094 1281 1132 1341 10

130 1380 296 1441 videretur.
337 1381 365 1440 4.
389 1379 467 1440 Cum
489 1380 571 1438 enim
593 1398 687 1459 saepe
708 1400 830 1439 mecum
851 1398 966 1459 ageres,
987 1390 1022 1440 ut
1044 1381 1083 1441 de

131 1475 264 1537 amicitia
278 1475 441 1535 scriberem
457 1474 581 1553 aliquid,
596 1474 692 1553 digna
705 1475 780 1535 mihi
794 1495 843 1535 res
856 1495 926 1535 cum
945 1476 1084 1537 omnium

130 1572 306 1652 cognitione
329 1579 395 1630 tum
419 1581 525 1631 nostra
548 1571 758 1633 familiaritate
782 1573 849 1633 visa
873 1582 932 1633 est
972 1572 1084 1654 Itaque

129 1668 188 1729 feci
203 1688 263 1727 non
279 1668 404 1740 invitus,
419 1678 454 1726 ut
467 1667 648 1746 prodessem
663 1669 769 1728 multis
790 1679 900 1749 rogatu
914 1678 978 1731 tuo.
1020 1670 1083 1732 Sed

130 1776 166 1827 ut
187 1766 218 1824 in
241 1765 356 1825 Catone
377 1764 504 1838 Maiore,
518 1764 571 1843 qui
593 1774 642 1824 est
663 1766 794 1845 scriptus
815 1767 855 1826 ad
876 1778 908 1828 te
930 1769 969 1827 de
983 1771 1133 1831 senec-15

130 1874 208 1936 tute,
231 1866 375 1922 Catonem
396 1861 506 1921 induxi
527 1882 635 1921 senem
660 1863 880 1942 disputantem,
904 1866 975 1945 quia
999 1866 1086 1925 nulla

94 1993 98 2000 ·
130 1960 293 2020 videbatur
308 1959 407 2038 aptior
417 1979 556 2039 persona,
567 1979 646 2038 quae
662 1960 701 2020 de
715 1961 767 2022 iila
782 1974 883 2024 aetate
897 1964 1084 2044 loqueretur,

131 2076 222 2136 qnam
238 2057 312 2130 eins,
327 2055 379 2134 qui
393 2065 426 2115 et
440 2055 612 2115 diutissime
634 2076 728 2115 senex
743 2059 857 2120 ‘fuisset
871 2071 903 2120 et
916 2061 947 2120 in
963 2061 1028 2140 ipsa
1040 2080 1099 2120 se.

158 2216 181 2262 2.
196 2215 371 2262 αᾱνηίναίὶουεῖ
377 2213 491 2274 querella]
502 2215 593 2260 ‘won-
622 2227 654 2260 an
665 2221 771 2263 account
784 2218 814 2264 oi
825 2219 865 2264 hie
879 2219 961 2273 death,
972 2231 1012 2265 see
1022 2229 1084 2276 page

131 2285 192 2340 der,'
209 2286 312 2330 because
330 2297 386 2329 men
408 2284 464 2328 who
485 2283 535 2328 had
551 2284 592 2328 be·
622 2283 674 2329 231.
705 2286 757 2332 The
771 2288 828 2333 date
843 2288 872 2332 oi
883 2289 925 2333 the
939 2287 1084 2344 dialogucia

130 2354 183 2399 fore
194 2354 254 2398 been
266 2352 339 2397 noted
351 2353 390 2396 for
399 2351 441 2396 the
456 2351 546 2396 closest
556 2351 593 2396 in·
622 2355 682 2398 thus
692 2354 760 2400 fixed
770 2359 796 2400 at
806 2356 835 2400 B.
846 2356 874 2401 C.
884 2356 933 2401 129.

130 2423 231 2478 timaey.
243 2433 305 2467 were
316 2434 372 2466 now
382 2420 524 2478 eherishing
534 2420 592 2465 feel·
652 2422 674 2468 8.
690 2423 755 2482 ipsos
768 2447 798 2456 -
811 2423 938 2483 loqraentes]
975 2424 1084 2480 ‘speak-

130 2493 186 2548 ings
196 2491 225 2536 of
231 2491 379 2547 thedeepest
388 2490 475 2535 hatred
484 2490 593 2534 towards
623 2492 666 2550 lng
676 2492 701 2537 ln
712 2493 776 2536 their
785 2505 841 2536 own
853 2491 957 2548 person!

130 2561 190 2608 each
200 2561 286 2614 other;
302 2559 476 2615 nnd‘rearet,’
489 2560 593 2605 because
654 2561 689 2605 14.
697 2559 753 2620 feei
763 2559 920 2618 nonineitue]
947 2553 1083 2606 craese-

130 2629 173 2674 the
192 2629 303 2684 hostility
323 2628 352 2673 ei
373 2627 436 2672 such
456 2627 593 2672 influential
621 2634 722 2683 metute,
734 2627 825 2673 xiim.

130 2699 230 2744 citizens
255 2697 334 2754 might
358 2697 431 2753 bring
456 2697 593 2742 disastreus
653 2699 688 2743 15.
703 2697 806 2756 miptm
830 2697 864 2742 ad
886 2696 919 2756 te]
950 2695 1004 2742 The
1023 2699 1084 2744 verb

131 2777 312 2822 consequences
323 2778 390 2822 upon
400 2767 442 2810 the
453 2769 524 2810 state.
621 2765 682 2812 here
697 2766 809 2810 includes
827 2767 869 2810 the
881 2766 937 2810 idea
946 2765 975 2810 of
987 2764 1082 2819 mimae,

159 2835 181 2880 3.
197 2835 225 2880 ia
255 2847 309 2880 eam
333 2833 413 2892 ipsam
437 2833 591 2893 mentionem]
622 2849 650 2881 as
663 2835 821 2890 nticimm,in
835 2835 873 2880 De
889 2835 1019 2889 Senectute,
1029 2834 1046 2879 i.
1060 2835 1083 2891 3,

130 2903 280 2961 Equivalent
299 2908 326 2950 te
345 2904 373 2950 in
392 2904 443 2950 eius
462 2903 540 2963 ipsius
556 2903 593 2950 rei
622 2905 735 2951 includes
745 2905 800 2949 that
809 2904 839 2949 of
845 2903 997 2962 scripsimus.

130 2974 283 3020 metationem.
653 2974 689 3019 16.
702 2973 792 3032 raam]
809 2973 907 3018 ‘When
917 2972 999 3018 anold
1008 2970 1084 3019 man!

160 3043 182 3093 7.
197 3043 337 3104 sententias]
355 3043 423 3089 ‘The
433 3044 500 3090 main
511 3041 593 3090 ideas’
654 3042 688 3091 17.
701 3039 816 3100 perenm]
865 3040 948 3089 Never
956 3041 1019 3087 used
1028 3041 1058 3087 ef
1068 3054 1084 3087 a

131 3125 160 3159 or
174 3112 411 3169 ‘thoughts.’-t00
429 3113 499 3173 libre]
541 3112 594 3159 The
622 3122 713 3168 person
730 3122 757 3154 as
772 3122 805 3155 an
821 3109 966 3166 individrml,
986 3109 1032 3156 but
1048 3109 1083 3155 al·

131 3180 236 3226 ablativa
250 3182 310 3226 with
325 3195 340 3226 a
350 3183 471 3237 modificr,
487 3181 548 3227 such
566 3193 593 3226 aa
623 3192 692 3237 ways
702 3180 763 3225 with
772 3180 895 3225 reference
905 3185 931 3224 to
940 3181 982 3225 the
991 3183 1046 3238 part
1056 3192 1085 3226 or

131 3247 184 3304 hoc,
204 3248 295 3306 primo,
316 3251 394 3305 tertio.
413 3255 469 3306 ete,
491 3252 511 3295 is
533 3249 594 3296 used
623 3251 749 3294 character
772 3249 854 3294 thch
877 3247 910 3294 lle
934 3250 1048 3294 sustuins.
1053 3270 1085 3282 -

131 3317 235 3364 without
251 3319 294 3366 the
311 3321 461 3389 preposition
478 3319 505 3364 in
522 3321 594 3363 when
624 3315 768 3376 loqueretur]
805 3317 878 3363 After
895 3316 988 3374 dipem,
1003 3321 1083 3374 aptus,

131 3387 173 3433 the
193 3387 273 3435 whole
293 3375 359 3435 beol‘r
379 3390 400 3434 is
420 3395 519 3441 meant3
544 3387 594 3432 and
624 3386 674 3432 and
683 3385 792 3442 adoneae
802 3385 905 3430 relative
915 3385 1011 3429 clauses
1026 3384 1084 3429 take

132 3457 210 3502 with'
200 3472 235 3514 aa,
247 3458 320 3504 when
330 3458 390 3514 only
401 3469 416 3504 a
430 3469 531 3514 passage
539 3456 565 3500 in
575 3455 595 3500 it
623 3456 666 3500 the
677 3454 842 3510 subjunctive.

76 3515 78 3522 ’
131 3525 152 3570 ls
162 3526 271 3572 referred
282 3527 458 3580 to.-Zumpt,
470 3523 481 3584 1
491 3523 544 3568 481.
653 3520 689 3567 18.
703 3519 848 3577 dimissime]
865 3516 926 3564 Cato
935 3518 1084 3563 livedtothe

160 3595 183 3641 6.
193 3597 250 3652 poet
268 3597 369 3640 mortem
387 3590 515 3651 Africam]
545 3589 595 3636 For
623 3602 670 3648 agre
694 3587 724 3634 oi
744 3587 896 3646 eighty-five.
911 3584 1040 3644 -sutaet
1054 3604 1085 3617 -
