<?xml version="1.0" encoding="UTF-8"?>
<!DOCTYPE html PUBLIC "-//W3C//DTD XHTML 1.0 Transitional//EN"
    "http://www.w3.org/TR/xhtml1/DTD/xhtml1-transitional.dtd">
<html xmlns="http://www.w3.org/1999/xhtml" xml:lang="en" lang="en">
 <head>
  <title>
</title>
<meta http-equiv="Content-Type" content="text/html;charset=utf-8" />
  <meta name='ocr-system' content='tesseract 3.04.00' />
  <meta name='ocr-capabilities' content='ocr_page ocr_carea ocr_par ocr_line ocrx_word'/>
</head>
<body>
  <div class='ocr_page' id='page_1' title='image "./selectionsfroml00gardgoog_0277.png"; bbox 0 0 2492 3900; ppageno 0'>
   <div class='ocr_carea' id='block_1_1' title="bbox 325 247 1087 328">
    <p class='ocr_par' dir='ltr' id='par_1_1' title="bbox 325 247 1087 328">
     <span class='ocr_line' id='line_1_1' title="bbox 325 247 1087 328; baseline 0.003 -11"><span class='ocrx_word' id='word_1_1' title='bbox 325 247 514 327; x_wconf 77' lang='lat' dir='ltr'>¹LAELIIIS,</span> <span class='ocrx_word' id='word_1_2' title='bbox 539 266 624 317; x_wconf 82' lang='lat' dir='ltr'><strong>SIVE</strong></span> <span class='ocrx_word' id='word_1_3' title='bbox 649 268 699 318; x_wconf 79' lang='lat' dir='ltr'>Du</span> <span class='ocrx_word' id='word_1_4' title='bbox 723 267 905 317; x_wconf 79' lang='lat' dir='ltr'><strong>AMICITIA.</strong></span> <span class='ocrx_word' id='word_1_5' title='bbox 1029 268 1087 328; x_wconf 74' lang='grc'>265</span> 
     </span>
    </p>
   </div>
   <div class='ocr_carea' id='block_1_2' title="bbox 54 441 1180 3138">
    <p class='ocr_par' dir='ltr' id='par_1_2' title="bbox 68 441 1166 1102">
     <span class='ocr_line' id='line_1_2' title="bbox 141 441 1089 524; baseline 0.002 -21"><span class='ocrx_word' id='word_1_6' title='bbox 141 443 239 503; x_wconf 84' lang='lat' dir='ltr'>solum</span> <span class='ocrx_word' id='word_1_7' title='bbox 256 441 322 521; x_wconf 87' lang='lat' dir='ltr'>ipsa</span> <span class='ocrx_word' id='word_1_8' title='bbox 336 442 475 503; x_wconf 84' lang='lat' dir='ltr'><strong>Fortuna</strong></span> <span class='ocrx_word' id='word_1_9' title='bbox 490 463 580 502; x_wconf 83' lang='lat' dir='ltr'>caeca</span> <span class='ocrx_word' id='word_1_10' title='bbox 595 452 652 516; x_wconf 87' lang='lat' dir='ltr'>est,</span> <span class='ocrx_word' id='word_1_11' title='bbox 666 444 719 503; x_wconf 89' lang='lat' dir='ltr'>sed</span> <span class='ocrx_word' id='word_1_12' title='bbox 735 464 787 503; x_wconf 87' lang='lat' dir='ltr'>eos</span> <span class='ocrx_word' id='word_1_13' title='bbox 802 443 893 503; x_wconf 87' lang='lat' dir='ltr'>etiam</span> <span class='ocrx_word' id='word_1_14' title='bbox 910 445 1089 524; x_wconf 85' lang='lat' dir='ltr'>plerumque</span> 
     </span>
     <span class='ocr_line' id='line_1_3' title="bbox 140 539 1090 619; baseline 0 -19"><span class='ocrx_word' id='word_1_15' title='bbox 140 541 233 600; x_wconf 87' lang='lat' dir='ltr'>efficit</span> <span class='ocrx_word' id='word_1_16' title='bbox 255 559 372 613; x_wconf 87' lang='lat' dir='ltr'>caecos,</span> <span class='ocrx_word' id='word_1_17' title='bbox 396 560 473 618; x_wconf 89' lang='lat' dir='ltr'>quos</span> <span class='ocrx_word' id='word_1_18' title='bbox 497 540 647 617; x_wconf 75' lang='lat' dir='ltr'>conplexa</span> <span class='ocrx_word' id='word_1_19' title='bbox 676 550 732 599; x_wconf 83' lang='lat' dir='ltr'>est.</span> <span class='ocrx_word' id='word_1_20' title='bbox 784 539 894 619; x_wconf 83' lang='lat' dir='ltr'>Itaque</span> <span class='ocrx_word' id='word_1_21' title='bbox 922 542 1090 601; x_wconf 86' lang='lat' dir='ltr'>efferuntur</span> 
     </span>
     <span class='ocr_line' id='line_1_4' title="bbox 139 636 1089 721; baseline 0 -24"><span class='ocrx_word' id='word_1_22' title='bbox 139 638 202 697; x_wconf 86' lang='lat' dir='ltr'>fere</span> <span class='ocrx_word' id='word_1_23' title='bbox 225 636 346 695; x_wconf 82' lang='lat' dir='ltr'>fastidio</span> <span class='ocrx_word' id='word_1_24' title='bbox 372 645 404 694; x_wconf 92' lang='lat' dir='ltr'>et</span> <span class='ocrx_word' id='word_1_25' title='bbox 429 636 631 721; x_wconf 76' lang='lat' dir='ltr'>contumacia,</span> <span class='ocrx_word' id='word_1_26' title='bbox 656 637 901 715; x_wconf 89' lang='lat' dir='ltr'>necquidquam</span> <span class='ocrx_word' id='word_1_27' title='bbox 924 638 1089 716; x_wconf 82' lang='lat' dir='ltr'>insipiente</span> 
     </span>
     <span class='ocr_line' id='line_1_5' title="bbox 139 732 1089 814; baseline 0.001 -22"><span class='ocrx_word' id='word_1_28' title='bbox 139 734 296 793; x_wconf 85' lang='lat' dir='ltr'>fortunato</span> <span class='ocrx_word' id='word_1_29' title='bbox 321 732 629 793; x_wconf 81' lang='lat' dir='ltr'>intolerabiliusfieri</span> <span class='ocrx_word' id='word_1_30' title='bbox 655 745 767 811; x_wconf 86' lang='lat' dir='ltr'>potest.</span> <span class='ocrx_word' id='word_1_31' title='bbox 818 734 924 813; x_wconf 82' lang='lat' dir='ltr'>Atque</span> <span class='ocrx_word' id='word_1_32' title='bbox 946 736 1004 794; x_wconf 85' lang='lat' dir='ltr'>lroo</span> <span class='ocrx_word' id='word_1_33' title='bbox 1025 735 1089 814; x_wconf 91' lang='lat' dir='ltr'>qui-</span> 
     </span>
     <span class='ocr_line' id='line_1_6' title="bbox 140 829 1166 908; baseline 0.001 -19"><span class='ocrx_word' id='word_1_34' title='bbox 140 830 211 889; x_wconf 87' lang='lat' dir='ltr'>dem</span> <span class='ocrx_word' id='word_1_35' title='bbox 228 831 331 889; x_wconf 88' lang='lat' dir='ltr'>ridere</span> <span class='ocrx_word' id='word_1_36' title='bbox 346 830 426 903; x_wconf 87' lang='lat' dir='ltr'>licet,</span> <span class='ocrx_word' id='word_1_37' title='bbox 441 850 502 901; x_wconf 89' lang='lat' dir='ltr'>eos,</span> <span class='ocrx_word' id='word_1_38' title='bbox 518 829 570 908; x_wconf 88' lang='lat' dir='ltr'>qui</span> <span class='ocrx_word' id='word_1_39' title='bbox 585 841 677 887; x_wconf 85' lang='lat' dir='ltr'>antea</span> <span class='ocrx_word' id='word_1_40' title='bbox 691 831 861 889; x_wconf 82' lang='lat' dir='ltr'>commodis</span> <span class='ocrx_word' id='word_1_41' title='bbox 875 831 987 890; x_wconf 86' lang='lat' dir='ltr'>fuerint</span> <span class='ocrx_word' id='word_1_42' title='bbox 1003 833 1089 891; x_wconf 88' lang='lat' dir='ltr'>mori·</span> <span class='ocrx_word' id='word_1_43' title='bbox 1119 838 1137 896; x_wconf 88' lang='lat'>5</span> <span class='ocrx_word' id='word_1_44' title='bbox 1162 877 1166 882; x_wconf 79' lang='grc'><em>.</em></span> 
     </span>
     <span class='ocr_line' id='line_1_7' title="bbox 68 922 1089 1005; baseline 0.002 -20"><span class='ocrx_word' id='word_1_45' title='bbox 68 922 71 927; x_wconf 66' lang='grc'><strong>’</strong></span> <span class='ocrx_word' id='word_1_46' title='bbox 139 927 205 1000; x_wconf 90' lang='lat' dir='ltr'>bus,</span> <span class='ocrx_word' id='word_1_47' title='bbox 220 926 344 1005; x_wconf 88' lang='lat' dir='ltr'>inperio,</span> <span class='ocrx_word' id='word_1_48' title='bbox 366 936 528 1005; x_wconf 79' lang='lat' dir='ltr'>potestate,</span> <span class='ocrx_word' id='word_1_49' title='bbox 539 926 692 1005; x_wconf 73' lang='lat' dir='ltr'>prosperis</span> <span class='ocrx_word' id='word_1_50' title='bbox 713 928 803 984; x_wconf 84' lang='lat' dir='ltr'>rebus</span> <span class='ocrx_word' id='word_1_51' title='bbox 819 928 972 1000; x_wconf 87' lang='lat' dir='ltr'>inmutari,</span> <span class='ocrx_word' id='word_1_52' title='bbox 986 930 1089 1005; x_wconf 78' lang='lat' dir='ltr'>sperni</span> 
     </span>
     <span class='ocr_line' id='line_1_8' title="bbox 139 1022 1089 1102; baseline 0.003 -21"><span class='ocrx_word' id='word_1_53' title='bbox 139 1022 246 1083; x_wconf 87' lang='lat' dir='ltr'>abeis</span> <span class='ocrx_word' id='word_1_54' title='bbox 274 1034 394 1083; x_wconf 86' lang='lat' dir='ltr'>veter-es</span> <span class='ocrx_word' id='word_1_55' title='bbox 420 1024 577 1097; x_wconf 81' lang='lat' dir='ltr'>amicitias,</span> <span class='ocrx_word' id='word_1_56' title='bbox 601 1022 757 1102; x_wconf 85' lang='lat' dir='ltr'>indulgeri</span> <span class='ocrx_word' id='word_1_57' title='bbox 785 1024 883 1081; x_wconf 89' lang='lat' dir='ltr'>novis.</span> <span class='ocrx_word' id='word_1_58' title='bbox 935 1024 982 1082; x_wconf 77' lang='lat' dir='ltr'>tt.</span> <span class='ocrx_word' id='word_1_59' title='bbox 1004 1024 1089 1095; x_wconf 78' lang='lat' dir='ltr'>Quin</span> 
     </span>
    </p>

    <p class='ocr_par' dir='ltr' id='par_1_3' title="bbox 111 1119 1136 1683">
     <span class='ocr_line' id='line_1_9' title="bbox 111 1119 1089 1201; baseline 0.002 -22"><span class='ocrx_word' id='word_1_60' title='bbox 111 1134 116 1143; x_wconf 88' lang='grc'><strong><em>·</em></strong></span> <span class='ocrx_word' id='word_1_61' title='bbox 139 1132 244 1180; x_wconf 85' lang='lat' dir='ltr'>autem</span> <span class='ocrx_word' id='word_1_62' title='bbox 258 1121 390 1194; x_wconf 89' lang='lat' dir='ltr'>stultius,</span> <span class='ocrx_word' id='word_1_63' title='bbox 402 1142 493 1199; x_wconf 86' lang='lat' dir='ltr'>quam</span> <span class='ocrx_word' id='word_1_64' title='bbox 506 1141 574 1181; x_wconf 91' lang='lat' dir='ltr'>cum</span> <span class='ocrx_word' id='word_1_65' title='bbox 587 1119 754 1201; x_wconf 90' lang='lat' dir='ltr'>plurimum</span> <span class='ocrx_word' id='word_1_66' title='bbox 767 1119 873 1198; x_wconf 86' lang='lat' dir='ltr'>copiis,</span> <span class='ocrx_word' id='word_1_67' title='bbox 884 1120 1089 1194; x_wconf 78' lang='lat' dir='ltr'>facultatibus,</span> 
     </span>
     <span class='ocr_line' id='line_1_10' title="bbox 138 1217 1089 1298; baseline -0.001 -21"><span class='ocrx_word' id='word_1_68' title='bbox 138 1218 247 1296; x_wconf 86' lang='lat' dir='ltr'>opibus</span> <span class='ocrx_word' id='word_1_69' title='bbox 271 1217 398 1297; x_wconf 84' lang='lat' dir='ltr'>possint,</span> <span class='ocrx_word' id='word_1_70' title='bbox 411 1228 523 1277; x_wconf 84' lang='lat' dir='ltr'>cetera</span> <span class='ocrx_word' id='word_1_71' title='bbox 546 1238 662 1298; x_wconf 82' lang='lat' dir='ltr'>parare,</span> <span class='ocrx_word' id='word_1_72' title='bbox 684 1237 763 1297; x_wconf 87' lang='lat' dir='ltr'>quae</span> <span class='ocrx_word' id='word_1_73' title='bbox 784 1229 932 1296; x_wconf 84' lang='lat' dir='ltr'>parantur</span> <span class='ocrx_word' id='word_1_74' title='bbox 953 1218 1089 1295; x_wconf 74' lang='lat' dir='ltr'>pecunia,</span> 
     </span>
     <span class='ocr_line' id='line_1_11' title="bbox 138 1313 1136 1394; baseline 0.001 -21"><span class='ocrx_word' id='word_1_75' title='bbox 138 1332 241 1393; x_wconf 89' lang='lat' dir='ltr'>equos,</span> <span class='ocrx_word' id='word_1_76' title='bbox 255 1316 395 1388; x_wconf 86' lang='lat' dir='ltr'>famulos,</span> <span class='ocrx_word' id='word_1_77' title='bbox 406 1327 527 1375; x_wconf 84' lang='lat' dir='ltr'>vestem·</span> <span class='ocrx_word' id='word_1_78' title='bbox 539 1315 704 1394; x_wconf 84' lang='lat' dir='ltr'>egregiam,</span> <span class='ocrx_word' id='word_1_79' title='bbox 716 1335 789 1373; x_wconf 81' lang='lat' dir='ltr'>vasa</span> <span class='ocrx_word' id='word_1_80' title='bbox 799 1313 953 1393; x_wconf 79' lang='lat' dir='ltr'>pretiosa3</span> <span class='ocrx_word' id='word_1_81' title='bbox 975 1315 1087 1374; x_wconf 85' lang='lat' dir='ltr'>amieos</span> <span class='ocrx_word' id='word_1_82' title='bbox 1099 1316 1136 1374; x_wconf 93' lang='lat'>10</span> 
     </span>
     <span class='ocr_line' id='line_1_12' title="bbox 138 1410 1089 1492; baseline 0 -22"><span class='ocrx_word' id='word_1_83' title='bbox 138 1430 200 1470; x_wconf 92' lang='lat' dir='ltr'>non</span> <span class='ocrx_word' id='word_1_84' title='bbox 225 1431 341 1490; x_wconf 87' lang='lat' dir='ltr'>parare,</span> <span class='ocrx_word' id='word_1_85' title='bbox 366 1412 514 1491; x_wconf 89' lang='lat' dir='ltr'>optimam</span> <span class='ocrx_word' id='word_1_86' title='bbox 544 1423 575 1472; x_wconf 88' lang='lat' dir='ltr'>et</span> <span class='ocrx_word' id='word_1_87' title='bbox 602 1412 839 1492; x_wconf 83' lang='lat' dir='ltr'>pulcherrimam</span> <span class='ocrx_word' id='word_1_88' title='bbox 863 1410 954 1484; x_wconf 87' lang='lat' dir='ltr'>vitae,</span> <span class='ocrx_word' id='word_1_89' title='bbox 982 1421 1017 1470; x_wconf 92' lang='lat' dir='ltr'>ut</span> <span class='ocrx_word' id='word_1_90' title='bbox 1046 1412 1089 1470; x_wconf 87' lang='lat' dir='ltr'>ita</span> 
     </span>
     <span class='ocr_line' id='line_1_13' title="bbox 138 1507 1088 1588; baseline -0.002 -21"><span class='ocrx_word' id='word_1_91' title='bbox 138 1507 248 1582; x_wconf 85' lang='lat' dir='ltr'>dicam,</span> <span class='ocrx_word' id='word_1_92' title='bbox 274 1509 518 1588; x_wconf 86' lang='lat' dir='ltr'>supellectilem?</span> <span class='ocrx_word' id='word_1_93' title='bbox 569 1508 696 1568; x_wconf 85' lang='lat' dir='ltr'>Etenim</span> <span class='ocrx_word' id='word_1_94' title='bbox 719 1519 822 1568; x_wconf 88' lang='lat' dir='ltr'>cetera</span> <span class='ocrx_word' id='word_1_95' title='bbox 844 1517 1088 1587; x_wconf 80' lang='lat' dir='ltr'>comparantur,</span> 
     </span>
     <span class='ocr_line' id='line_1_14' title="bbox 138 1603 1088 1683; baseline 0.001 -19"><span class='ocrx_word' id='word_1_96' title='bbox 138 1603 188 1664; x_wconf 86' lang='lat' dir='ltr'>oui</span> <span class='ocrx_word' id='word_1_97' title='bbox 201 1615 347 1683; x_wconf 89' lang='lat' dir='ltr'>parentur</span> <span class='ocrx_word' id='word_1_98' title='bbox 369 1606 510 1666; x_wconf 86' lang='lat' dir='ltr'>nesciunt</span> <span class='ocrx_word' id='word_1_99' title='bbox 535 1626 590 1665; x_wconf 89' lang='lat' dir='ltr'>nec</span> <span class='ocrx_word' id='word_1_100' title='bbox 614 1607 700 1666; x_wconf 84' lang='lat' dir='ltr'>cuius</span> <span class='ocrx_word' id='word_1_101' title='bbox 723 1618 814 1666; x_wconf 73' lang='lat' dir='ltr'>causa</span> <span class='ocrx_word' id='word_1_102' title='bbox 838 1607 1000 1680; x_wconf 82' lang='lat' dir='ltr'>laborent3</span> <span class='ocrx_word' id='word_1_103' title='bbox 1022 1606 1088 1665; x_wconf 87' lang='lat' dir='ltr'>eius</span> 
     </span>
    </p>

    <p class='ocr_par' dir='ltr' id='par_1_4' title="bbox 54 1701 1135 2151">
     <span class='ocr_line' id='line_1_15' title="bbox 54 1701 1086 1783; baseline 0.002 -22"><span class='ocrx_word' id='word_1_104' title='bbox 54 1767 59 1783; x_wconf 36' lang='grc' dir='ltr'>ι</span> <span class='ocrx_word' id='word_1_105' title='bbox 138 1701 219 1761; x_wconf 88' lang='lat' dir='ltr'>euim</span> <span class='ocrx_word' id='word_1_106' title='bbox 231 1712 278 1762; x_wconf 85' lang='lat' dir='ltr'>est</span> <span class='ocrx_word' id='word_1_107' title='bbox 289 1703 415 1762; x_wconf 87' lang='lat' dir='ltr'>istorum</span> <span class='ocrx_word' id='word_1_108' title='bbox 428 1703 570 1782; x_wconf 82' lang='lat' dir='ltr'>quidque,</span> <span class='ocrx_word' id='word_1_109' title='bbox 582 1703 634 1783; x_wconf 90' lang='lat' dir='ltr'>qui</span> <span class='ocrx_word' id='word_1_110' title='bbox 645 1704 718 1763; x_wconf 87' lang='lat' dir='ltr'>vicit</span> <span class='ocrx_word' id='word_1_111' title='bbox 727 1704 862 1778; x_wconf 85' lang='lat' dir='ltr'>viribus;</span> <span class='ocrx_word' id='word_1_112' title='bbox 885 1704 1086 1764; x_wconf 82' lang='lat' dir='ltr'>amicitiarum</span> 
     </span>
     <span class='ocr_line' id='line_1_16' title="bbox 137 1799 1135 1880; baseline 0 -21"><span class='ocrx_word' id='word_1_113' title='bbox 137 1818 194 1859; x_wconf 84' lang='lat' dir='ltr'>sua</span> <span class='ocrx_word' id='word_1_114' title='bbox 208 1799 316 1878; x_wconf 88' lang='lat' dir='ltr'>cuique</span> <span class='ocrx_word' id='word_1_115' title='bbox 332 1812 490 1879; x_wconf 82' lang='lat' dir='ltr'>permanet</span> <span class='ocrx_word' id='word_1_116' title='bbox 501 1800 618 1859; x_wconf 88' lang='lat' dir='ltr'>stabilis</span> <span class='ocrx_word' id='word_1_117' title='bbox 630 1811 662 1859; x_wconf 88' lang='lat' dir='ltr'>et</span> <span class='ocrx_word' id='word_1_118' title='bbox 673 1812 757 1859; x_wconf 84' lang='lat' dir='ltr'>certa</span> <span class='ocrx_word' id='word_1_119' title='bbox 767 1804 928 1880; x_wconf 81' lang='lat' dir='ltr'>possessio,</span> <span class='ocrx_word' id='word_1_120' title='bbox 941 1802 1084 1874; x_wconf 63' lang='lat' dir='ltr'>unctium</span> <span class='ocrx_word' id='word_1_121' title='bbox 1099 1811 1135 1870; x_wconf 86' lang='lat'>15</span> 
     </span>
     <span class='ocr_line' id='line_1_17' title="bbox 137 1893 1086 1978; baseline 0.003 -22"><span class='ocrx_word' id='word_1_122' title='bbox 137 1893 163 1956; x_wconf 84' lang='lat' dir='ltr'>sl</span> <span class='ocrx_word' id='word_1_123' title='bbox 178 1894 230 1955; x_wconf 87' lang='lat' dir='ltr'>illa</span> <span class='ocrx_word' id='word_1_124' title='bbox 245 1906 397 1970; x_wconf 88' lang='lat' dir='ltr'>maneant,</span> <span class='ocrx_word' id='word_1_125' title='bbox 412 1917 489 1977; x_wconf 84' lang='lat' dir='ltr'>quae</span> <span class='ocrx_word' id='word_1_126' title='bbox 509 1907 580 1957; x_wconf 87' lang='lat' dir='ltr'>sunt</span> <span class='ocrx_word' id='word_1_127' title='bbox 601 1898 688 1978; x_wconf 82' lang='lat' dir='ltr'>quasi</span> <span class='ocrx_word' id='word_1_128' title='bbox 705 1899 787 1958; x_wconf 86' lang='lat' dir='ltr'>dona</span> <span class='ocrx_word' id='word_1_129' title='bbox 802 1898 968 1973; x_wconf 82' lang='lat' dir='ltr'>Fortunae,</span> <span class='ocrx_word' id='word_1_130' title='bbox 982 1910 1086 1960; x_wconf 85' lang='lat' dir='ltr'>tamen</span> 
     </span>
     <span class='ocr_line' id='line_1_18' title="bbox 137 1992 1086 2075; baseline 0.004 -23"><span class='ocrx_word' id='word_1_131' title='bbox 137 1992 202 2052; x_wconf 84' lang='lat' dir='ltr'>rita</span> <span class='ocrx_word' id='word_1_132' title='bbox 216 1993 332 2052; x_wconf 87' lang='lat' dir='ltr'>inculta</span> <span class='ocrx_word' id='word_1_133' title='bbox 346 2003 377 2053; x_wconf 90' lang='lat' dir='ltr'>et</span> <span class='ocrx_word' id='word_1_134' title='bbox 393 1994 513 2054; x_wconf 84' lang='lat' dir='ltr'>deserta</span> <span class='ocrx_word' id='word_1_135' title='bbox 528 1995 566 2054; x_wconf 92' lang='lat' dir='ltr'>ab</span> <span class='ocrx_word' id='word_1_136' title='bbox 582 1995 686 2055; x_wconf 84' lang='lat' dir='ltr'>amicis</span> <span class='ocrx_word' id='word_1_137' title='bbox 708 1997 885 2075; x_wconf 74' lang='lat' dir='ltr'>non&#39;possit</span> <span class='ocrx_word' id='word_1_138' title='bbox 899 2018 966 2056; x_wconf 85' lang='lat' dir='ltr'>esse</span> <span class='ocrx_word' id='word_1_139' title='bbox 980 1998 1086 2057; x_wconf 86' lang='lat' dir='ltr'>inorm-</span> 
     </span>
     <span class='ocr_line' id='line_1_19' title="bbox 137 2089 552 2151; baseline 0.01 -4"><span class='ocrx_word' id='word_1_140' title='bbox 137 2089 186 2149; x_wconf 88' lang='lat' dir='ltr'>da.</span> <span class='ocrx_word' id='word_1_141' title='bbox 229 2090 290 2149; x_wconf 84' lang='lat' dir='ltr'>Sed</span> <span class='ocrx_word' id='word_1_142' title='bbox 305 2091 382 2150; x_wconf 81' lang='lat' dir='ltr'>Iraec</span> <span class='ocrx_word' id='word_1_143' title='bbox 396 2093 552 2151; x_wconf 75' lang='lat' dir='ltr'>hactenus.</span> 
     </span>
    </p>

    <p class='ocr_par' dir='ltr' id='par_1_5' title="bbox 134 2177 1180 3138">
     <span class='ocr_line' id='line_1_20' title="bbox 176 2177 1088 2269; baseline 0.004 -23"><span class='ocrx_word' id='word_1_144' title='bbox 176 2187 268 2247; x_wconf 89' lang='lat' dir='ltr'><strong>XVI.</strong></span> <span class='ocrx_word' id='word_1_145' title='bbox 290 2189 337 2248; x_wconf 79' lang='lat'>56.</span> <span class='ocrx_word' id='word_1_146' title='bbox 380 2189 594 2249; x_wconf 84' lang='lat' dir='ltr'>Constituendi</span> <span class='ocrx_word' id='word_1_147' title='bbox 609 2177 810 2262; x_wconf 61' lang='lat' dir='ltr'>sunt&#39;autem,</span> <span class='ocrx_word' id='word_1_148' title='bbox 825 2190 877 2269; x_wconf 91' lang='lat' dir='ltr'>qui</span> <span class='ocrx_word' id='word_1_149' title='bbox 892 2191 999 2250; x_wconf 88' lang='lat' dir='ltr'>sintin</span> <span class='ocrx_word' id='word_1_150' title='bbox 1016 2191 1088 2250; x_wconf 84' lang='lat' dir='ltr'>arni·</span> 
     </span>
     <span class='ocr_line' id='line_1_21' title="bbox 136 2284 1134 2367; baseline 0.004 -22"><span class='ocrx_word' id='word_1_151' title='bbox 136 2284 209 2345; x_wconf 76' lang='lat' dir='ltr'>ciria</span> <span class='ocrx_word' id='word_1_152' title='bbox 230 2285 306 2345; x_wconf 85' lang='lat' dir='ltr'>fines</span> <span class='ocrx_word' id='word_1_153' title='bbox 330 2295 363 2345; x_wconf 87' lang='lat' dir='ltr'>et</span> <span class='ocrx_word' id='word_1_154' title='bbox 384 2285 470 2364; x_wconf 86' lang='lat' dir='ltr'>quasi</span> <span class='ocrx_word' id='word_1_155' title='bbox 494 2286 617 2351; x_wconf 87' lang='lat' dir='ltr'>termini</span> <span class='ocrx_word' id='word_1_156' title='bbox 638 2286 807 2366; x_wconf 78' lang='lat' dir='ltr'>diligenui3</span> <span class='ocrx_word' id='word_1_157' title='bbox 829 2287 868 2345; x_wconf 87' lang='lat' dir='ltr'>de</span> <span class='ocrx_word' id='word_1_158' title='bbox 890 2287 1000 2367; x_wconf 85' lang='lat' dir='ltr'>quibus</span> <span class='ocrx_word' id='word_1_159' title='bbox 1021 2298 1085 2349; x_wconf 87' lang='lat' dir='ltr'>tres</span> <span class='ocrx_word' id='word_1_160' title='bbox 1095 2297 1134 2356; x_wconf 76' lang='lat'>20</span> 
     </span>
     <span class='ocr_line' id='line_1_22' title="bbox 135 2382 1086 2465; baseline 0.001 -23"><span class='ocrx_word' id='word_1_161' title='bbox 135 2383 228 2442; x_wconf 83' lang='lat' dir='ltr'>video</span> <span class='ocrx_word' id='word_1_162' title='bbox 242 2383 411 2442; x_wconf 84' lang='lat' dir='ltr'>sententias</span> <span class='ocrx_word' id='word_1_163' title='bbox 426 2382 504 2465; x_wconf 88' lang='lat' dir='ltr'>ferri,</span> <span class='ocrx_word' id='word_1_164' title='bbox 518 2403 646 2462; x_wconf 88' lang='lat' dir='ltr'>quarum</span> <span class='ocrx_word' id='word_1_165' title='bbox 669 2382 784 2442; x_wconf 85' lang='lat' dir='ltr'>nullam</span> <span class='ocrx_word' id='word_1_166' title='bbox 797 2383 912 2462; x_wconf 90' lang='lat' dir='ltr'>probo:</span> <span class='ocrx_word' id='word_1_167' title='bbox 936 2404 1036 2455; x_wconf 83' lang='lat' dir='ltr'>unum,</span> <span class='ocrx_word' id='word_1_168' title='bbox 1051 2394 1086 2444; x_wconf 89' lang='lat' dir='ltr'>ut</span> 
     </span>
     <span class='ocr_line' id='line_1_23' title="bbox 136 2478 1138 2560; baseline 0.001 -23"><span class='ocrx_word' id='word_1_169' title='bbox 136 2478 246 2538; x_wconf 88' lang='lat' dir='ltr'>eodem</span> <span class='ocrx_word' id='word_1_170' title='bbox 262 2479 354 2538; x_wconf 90' lang='lat' dir='ltr'>modo</span> <span class='ocrx_word' id='word_1_171' title='bbox 369 2499 442 2558; x_wconf 85' lang='lat' dir='ltr'>erga</span> <span class='ocrx_word' id='word_1_172' title='bbox 465 2480 579 2538; x_wconf 87' lang='lat' dir='ltr'>amicos</span> <span class='ocrx_word' id='word_1_173' title='bbox 602 2478 725 2538; x_wconf 72' lang='lat' dir='ltr'>adfecti,</span> <span class='ocrx_word' id='word_1_174' title='bbox 737 2479 841 2552; x_wconf 87' lang='lat' dir='ltr'>simus,</span> <span class='ocrx_word' id='word_1_175' title='bbox 855 2500 916 2559; x_wconf 90' lang='lat' dir='ltr'>quo</span> <span class='ocrx_word' id='word_1_176' title='bbox 932 2499 1004 2558; x_wconf 83' lang='lat' dir='ltr'>erga</span> <span class='ocrx_word' id='word_1_177' title='bbox 1018 2500 1087 2552; x_wconf 88' lang='lat' dir='ltr'>nos·</span> <span class='ocrx_word' id='word_1_178' title='bbox 1131 2552 1138 2560; x_wconf 19' lang='lat' dir='ltr'>x</span> 
     </span>
     <span class='ocr_line' id='line_1_24' title="bbox 136 2560 1180 2655; baseline 0.002 -21"><span class='ocrx_word' id='word_1_179' title='bbox 136 2587 200 2636; x_wconf 88' lang='lat' dir='ltr'>met</span> <span class='ocrx_word' id='word_1_180' title='bbox 221 2576 322 2655; x_wconf 86' lang='lat' dir='ltr'>ipsos3</span> <span class='ocrx_word' id='word_1_181' title='bbox 345 2578 481 2649; x_wconf 82' lang='lat' dir='ltr'>alteram,</span> <span class='ocrx_word' id='word_1_182' title='bbox 497 2586 530 2636; x_wconf 91' lang='lat' dir='ltr'>nt</span> <span class='ocrx_word' id='word_1_183' title='bbox 549 2585 657 2636; x_wconf 83' lang='lat' dir='ltr'>nostra</span> <span class='ocrx_word' id='word_1_184' title='bbox 677 2575 708 2634; x_wconf 93' lang='lat' dir='ltr'>in</span> <span class='ocrx_word' id='word_1_185' title='bbox 735 2576 849 2635; x_wconf 88' lang='lat' dir='ltr'>amicos</span> <span class='ocrx_word' id='word_1_186' title='bbox 870 2576 1086 2636; x_wconf 84' lang='lat' dir='ltr'>benevolentia</span> <span class='ocrx_word' id='word_1_187' title='bbox 1138 2560 1150 2587; x_wconf 39' lang='lat' dir='ltr'>l</span> <span class='ocrx_word' id='word_1_188' title='bbox 1178 2608 1180 2611; x_wconf 95' lang='lat'>·</span> 
     </span>
     <span class='ocr_line' id='line_1_25' title="bbox 134 2671 1085 2752; baseline 0 -22"><span class='ocrx_word' id='word_1_189' title='bbox 134 2671 255 2732; x_wconf 89' lang='lat' dir='ltr'>illorum</span> <span class='ocrx_word' id='word_1_190' title='bbox 279 2694 352 2752; x_wconf 87' lang='lat' dir='ltr'>erga</span> <span class='ocrx_word' id='word_1_191' title='bbox 376 2695 432 2734; x_wconf 91' lang='lat' dir='ltr'>nos</span> <span class='ocrx_word' id='word_1_192' title='bbox 456 2673 692 2732; x_wconf 84' lang='lat' dir='ltr'>benevolentiae</span> <span class='ocrx_word' id='word_1_193' title='bbox 715 2673 830 2752; x_wconf 87' lang='lat' dir='ltr'>pariter</span> <span class='ocrx_word' id='word_1_194' title='bbox 855 2672 1085 2751; x_wconf 87' lang='lat' dir='ltr'>aequaliterque</span> 
     </span>
     <span class='ocr_line' id='line_1_26' title="bbox 134 2768 1133 2848; baseline 0.001 -21"><span class='ocrx_word' id='word_1_195' title='bbox 134 2771 340 2848; x_wconf 79' lang='lat' dir='ltr'>respondeat3</span> <span class='ocrx_word' id='word_1_196' title='bbox 360 2772 492 2843; x_wconf 85' lang='lat' dir='ltr'>tertiam,</span> <span class='ocrx_word' id='word_1_197' title='bbox 513 2781 556 2842; x_wconf 87' lang='lat' dir='ltr'>ut,</span> <span class='ocrx_word' id='word_1_198' title='bbox 576 2769 683 2848; x_wconf 88' lang='lat' dir='ltr'>quanti</span> <span class='ocrx_word' id='word_1_199' title='bbox 710 2769 838 2848; x_wconf 87' lang='lat' dir='ltr'>quisquc</span> <span class='ocrx_word' id='word_1_200' title='bbox 860 2790 892 2828; x_wconf 87' lang='lat' dir='ltr'>se</span> <span class='ocrx_word' id='word_1_201' title='bbox 913 2768 979 2848; x_wconf 83' lang='lat' dir='ltr'>ipse</span> <span class='ocrx_word' id='word_1_202' title='bbox 1003 2769 1133 2844; x_wconf 77' lang='lat' dir='ltr'>fircit‚25</span> 
     </span>
     <span class='ocr_line' id='line_1_27' title="bbox 135 2865 1086 2927; baseline 0.001 -2"><span class='ocrx_word' id='word_1_203' title='bbox 135 2867 213 2925; x_wconf 89' lang='lat' dir='ltr'>tanti</span> <span class='ocrx_word' id='word_1_204' title='bbox 238 2867 295 2926; x_wconf 76' lang='lat' dir='ltr'>fint&#39;</span> <span class='ocrx_word' id='word_1_205' title='bbox 313 2868 351 2926; x_wconf 85' lang='lat' dir='ltr'>ab</span> <span class='ocrx_word' id='word_1_206' title='bbox 377 2867 491 2926; x_wconf 85' lang='lat' dir='ltr'>amicis.</span> <span class='ocrx_word' id='word_1_207' title='bbox 534 2867 581 2925; x_wconf 78' lang='lat'>57.</span> <span class='ocrx_word' id='word_1_208' title='bbox 604 2865 725 2923; x_wconf 89' lang='lat' dir='ltr'>Harum</span> <span class='ocrx_word' id='word_1_209' title='bbox 747 2867 841 2925; x_wconf 90' lang='lat' dir='ltr'>trium</span> <span class='ocrx_word' id='word_1_210' title='bbox 863 2867 1086 2927; x_wconf 86' lang='lat' dir='ltr'>sententiarum</span> 
     </span>
     <span class='ocr_line' id='line_1_28' title="bbox 135 2962 1085 3041; baseline 0.002 -20"><span class='ocrx_word' id='word_1_211' title='bbox 135 2963 209 3021; x_wconf 89' lang='lat' dir='ltr'>nulli</span> <span class='ocrx_word' id='word_1_212' title='bbox 225 2983 347 3041; x_wconf 87' lang='lat' dir='ltr'>prorsus</span> <span class='ocrx_word' id='word_1_213' title='bbox 363 2964 527 3022; x_wconf 87' lang='lat' dir='ltr'>adsentior.</span> <span class='ocrx_word' id='word_1_214' title='bbox 569 2962 602 3020; x_wconf 90' lang='lat' dir='ltr'>N</span> <span class='ocrx_word' id='word_1_215' title='bbox 604 2983 639 3021; x_wconf 90' lang='lat' dir='ltr'>ec</span> <span class='ocrx_word' id='word_1_216' title='bbox 654 2963 734 3020; x_wconf 87' lang='lat' dir='ltr'>enim</span> <span class='ocrx_word' id='word_1_217' title='bbox 758 2963 810 3020; x_wconf 83' lang='lat' dir='ltr'>illa</span> <span class='ocrx_word' id='word_1_218' title='bbox 829 2965 930 3041; x_wconf 84' lang='lat' dir='ltr'>prima</span> <span class='ocrx_word' id='word_1_219' title='bbox 943 2983 1016 3022; x_wconf 81' lang='lat' dir='ltr'>vera</span> <span class='ocrx_word' id='word_1_220' title='bbox 1030 2975 1085 3039; x_wconf 88' lang='lat' dir='ltr'>est,</span> 
     </span>
     <span class='ocr_line' id='line_1_29' title="bbox 135 3058 1086 3138; baseline 0.004 -21"><span class='ocrx_word' id='word_1_221' title='bbox 135 3070 177 3132; x_wconf 91' lang='lat' dir='ltr'>ut,</span> <span class='ocrx_word' id='word_1_222' title='bbox 189 3079 280 3137; x_wconf 90' lang='lat' dir='ltr'>quem</span> <span class='ocrx_word' id='word_1_223' title='bbox 292 3061 332 3118; x_wconf 78' lang='lat' dir='ltr'>arl</span> <span class='ocrx_word' id='word_1_224' title='bbox 346 3061 470 3119; x_wconf 83' lang='lat' dir='ltr'>modum</span> <span class='ocrx_word' id='word_1_225' title='bbox 486 3059 517 3118; x_wconf 92' lang='lat' dir='ltr'>iu</span> <span class='ocrx_word' id='word_1_226' title='bbox 532 3079 564 3118; x_wconf 85' lang='lat' dir='ltr'>sc</span> <span class='ocrx_word' id='word_1_227' title='bbox 580 3058 708 3138; x_wconf 89' lang='lat' dir='ltr'>quisquc</span> <span class='ocrx_word' id='word_1_228' title='bbox 730 3058 780 3131; x_wconf 85' lang='lat' dir='ltr'>sit,</span> <span class='ocrx_word' id='word_1_229' title='bbox 795 3059 837 3118; x_wconf 83' lang='lat' dir='ltr'>sic</span> <span class='ocrx_word' id='word_1_230' title='bbox 852 3059 882 3118; x_wconf 92' lang='lat' dir='ltr'>in</span> <span class='ocrx_word' id='word_1_231' title='bbox 899 3060 1030 3120; x_wconf 88' lang='lat' dir='ltr'>amicum</span> <span class='ocrx_word' id='word_1_232' title='bbox 1046 3062 1086 3122; x_wconf 84' lang='lat' dir='ltr'>sit</span> 
     </span>
    </p>
   </div>
   <div class='ocr_carea' id='block_1_3' title="bbox 108 3234 1085 3638">
    <p class='ocr_par' dir='ltr' id='par_1_6' title="bbox 134 3234 1085 3364">
     <span class='ocr_line' id='line_1_30' title="bbox 162 3234 1085 3296; baseline 0.003 -16"><span class='ocrx_word' id='word_1_233' title='bbox 162 3235 184 3280; x_wconf 81' lang='lat'>2.</span> <span class='ocrx_word' id='word_1_234' title='bbox 199 3235 343 3296; x_wconf 67' lang='lat' dir='ltr'>efferrentur]</span> <span class='ocrx_word' id='word_1_235' title='bbox 400 3235 466 3281; x_wconf 82' lang='lat' dir='ltr'>Such</span> <span class='ocrx_word' id='word_1_236' title='bbox 493 3246 594 3292; x_wconf 83' lang='lat' dir='ltr'>persons</span> <span class='ocrx_word' id='word_1_237' title='bbox 654 3234 689 3279; x_wconf 87' lang='grc'>13.</span> <span class='ocrx_word' id='word_1_238' title='bbox 705 3234 910 3296; x_wconf 76' lang='lat' dir='ltr'>eius-quidque]</span> <span class='ocrx_word' id='word_1_239' title='bbox 927 3237 1085 3296; x_wconf 80' lang='lat' dir='ltr'>‘Ereryoue</span> 
     </span>
     <span class='ocr_line' id='line_1_31' title="bbox 134 3304 1056 3364; baseline 0.002 -14"><span class='ocrx_word' id='word_1_240' title='bbox 134 3307 190 3350; x_wconf 82' lang='lat' dir='ltr'>‘arc</span> <span class='ocrx_word' id='word_1_241' title='bbox 200 3307 283 3362; x_wconf 84' lang='lat' dir='ltr'>puffod</span> <span class='ocrx_word' id='word_1_242' title='bbox 296 3307 344 3362; x_wconf 90' lang='lat' dir='ltr'>up,&#39;</span> <span class='ocrx_word' id='word_1_243' title='bbox 355 3314 401 3352; x_wconf 90' lang='lat' dir='ltr'>etc.</span> <span class='ocrx_word' id='word_1_244' title='bbox 623 3304 654 3350; x_wconf 80' lang='lat' dir='ltr'>ot&#39;</span> <span class='ocrx_word' id='word_1_245' title='bbox 665 3305 734 3351; x_wconf 87' lang='lat' dir='ltr'>these</span> <span class='ocrx_word' id='word_1_246' title='bbox 745 3307 828 3362; x_wconf 83' lang='lat' dir='ltr'>thmgs</span> <span class='ocrx_word' id='word_1_247' title='bbox 839 3308 941 3364; x_wconf 80' lang='lat' dir='ltr'>belongs</span> <span class='ocrx_word' id='word_1_248' title='bbox 952 3313 977 3352; x_wconf 81' lang='lat' dir='ltr'>to</span> <span class='ocrx_word' id='word_1_249' title='bbox 988 3308 1056 3352; x_wconf 74' lang='lat' dir='ltr'>him.¹</span> 
     </span>
    </p>

    <p class='ocr_par' dir='ltr' id='par_1_7' title="bbox 108 3373 1084 3504">
     <span class='ocr_line' id='line_1_32' title="bbox 162 3373 1084 3434; baseline 0.001 -15"><span class='ocrx_word' id='word_1_250' title='bbox 162 3375 277 3420; x_wconf 65' lang='lat' dir='ltr'>tloo-</span> <span class='ocrx_word' id='word_1_251' title='bbox 287 3375 351 3434; x_wconf 77' lang='lat' dir='ltr'>licet]</span> <span class='ocrx_word' id='word_1_252' title='bbox 391 3375 458 3420; x_wconf 80' lang='lat' dir='ltr'>‘Ono</span> <span class='ocrx_word' id='word_1_253' title='bbox 475 3385 534 3430; x_wconf 85' lang='lat' dir='ltr'>may</span> <span class='ocrx_word' id='word_1_254' title='bbox 552 3375 594 3419; x_wconf 84' lang='lat' dir='ltr'>ob-</span> <span class='ocrx_word' id='word_1_255' title='bbox 654 3373 689 3417; x_wconf 88' lang='lat'>19.</span> <span class='ocrx_word' id='word_1_256' title='bbox 708 3374 948 3433; x_wconf 75' lang='lat' dir='ltr'>Constituendimnt]</span> <span class='ocrx_word' id='word_1_257' title='bbox 967 3376 1084 3420; x_wconf 83' lang='lat' dir='ltr'>Ahlend·</span> 
     </span>
     <span class='ocr_line' id='line_1_33' title="bbox 108 3441 1084 3504; baseline -0.002 -16"><span class='ocrx_word' id='word_1_258' title='bbox 108 3495 112 3504; x_wconf 18' lang='grc' dir='ltr'><strong><em>ἢ</em></strong></span> <span class='ocrx_word' id='word_1_259' title='bbox 133 3453 203 3488; x_wconf 78' lang='lat' dir='ltr'>serre</span> <span class='ocrx_word' id='word_1_260' title='bbox 214 3443 280 3497; x_wconf 68' lang='lat' dir='ltr'>this:</span> <span class='ocrx_word' id='word_1_261' title='bbox 290 3449 336 3488; x_wconf 85' lang='lat' dir='ltr'>etc.</span> <span class='ocrx_word' id='word_1_262' title='bbox 622 3441 665 3495; x_wconf 74' lang='lat' dir='ltr'>Ing</span> <span class='ocrx_word' id='word_1_263' title='bbox 675 3441 705 3485; x_wconf 82' lang='lat' dir='ltr'>os</span> <span class='ocrx_word' id='word_1_264' title='bbox 716 3448 765 3485; x_wconf 84' lang='lat' dir='ltr'>two</span> <span class='ocrx_word' id='word_1_265' title='bbox 783 3442 978 3486; x_wconf 75' lang='lat' dir='ltr'>construetione:</span> <span class='ocrx_word' id='word_1_266' title='bbox 997 3441 1084 3486; x_wconf 73' lang='lat' dir='ltr'>consti-</span> 
     </span>
    </p>

    <p class='ocr_par' dir='ltr' id='par_1_8' title="bbox 132 3510 1084 3638">
     <span class='ocr_line' id='line_1_34' title="bbox 161 3510 1084 3570; baseline -0.005 -10"><span class='ocrx_word' id='word_1_267' title='bbox 161 3511 183 3560; x_wconf 82' lang='lat'>7·</span> <span class='ocrx_word' id='word_1_268' title='bbox 199 3511 330 3570; x_wconf 71' lang='lat' dir='ltr'>indulqeri]</span> <span class='ocrx_word' id='word_1_269' title='bbox 369 3510 436 3556; x_wconf 84' lang='lat' dir='ltr'>Used</span> <span class='ocrx_word' id='word_1_270' title='bbox 457 3510 590 3565; x_wconf 80' lang='lat' dir='ltr'>tmperson-</span> <span class='ocrx_word' id='word_1_271' title='bbox 621 3510 737 3554; x_wconf 72' lang='lat' dir='ltr'>tueardurn</span> <span class='ocrx_word' id='word_1_272' title='bbox 754 3515 797 3565; x_wconf 82' lang='lat' dir='ltr'>est,</span> <span class='ocrx_word' id='word_1_273' title='bbox 813 3511 855 3569; x_wconf 69' lang='lat' dir='ltr'>proi</span> <span class='ocrx_word' id='word_1_274' title='bbox 875 3514 924 3555; x_wconf 69' lang='lat' dir='ltr'>sirit</span> <span class='ocrx_word' id='word_1_275' title='bbox 936 3510 1009 3566; x_wconf 66' lang='lat' dir='ltr'>fieres,</span> <span class='ocrx_word' id='word_1_276' title='bbox 1030 3517 1084 3564; x_wconf 84' lang='lat' dir='ltr'>etc,</span> 
     </span>
     <span class='ocr_line' id='line_1_35' title="bbox 132 3577 1041 3638; baseline -0.007 -11"><span class='ocrx_word' id='word_1_277' title='bbox 132 3581 199 3638; x_wconf 75' lang='lat' dir='ltr'>clly;</span> <span class='ocrx_word' id='word_1_278' title='bbox 217 3583 284 3627; x_wconf 84' lang='lat' dir='ltr'>‘new</span> <span class='ocrx_word' id='word_1_279' title='bbox 295 3593 354 3628; x_wconf 84' lang='lat' dir='ltr'>oues</span> <span class='ocrx_word' id='word_1_280' title='bbox 365 3592 406 3627; x_wconf 82' lang='lat' dir='ltr'>aro</span> <span class='ocrx_word' id='word_1_281' title='bbox 417 3577 562 3626; x_wconf 59' lang='lat' dir='ltr'>eherishcdss</span> <span class='ocrx_word' id='word_1_282' title='bbox 620 3579 670 3624; x_wconf 80' lang='lat' dir='ltr'>und</span> <span class='ocrx_word' id='word_1_283' title='bbox 680 3578 842 3625; x_wconf 62' lang='lat' dir='ltr'>marituma·</span> <span class='ocrx_word' id='word_1_284' title='bbox 852 3577 984 3636; x_wconf 71' lang='lat' dir='ltr'>rmufiroes,</span> <span class='ocrx_word' id='word_1_285' title='bbox 995 3583 1041 3622; x_wconf 76' lang='lat' dir='ltr'>etc</span> 
     </span>
    </p>
   </div>
   <div class='ocr_carea' id='block_1_4' title="bbox 0 0 1250 3900">
    <p class='ocr_par' dir='ltr' id='par_1_9' title="bbox 0 0 1250 3900">
     <span class='ocr_line' id='line_1_36' title="bbox 0 0 1250 3900; baseline 0 1"><span class='ocrx_word' id='word_1_286' title='bbox 0 0 1250 3900; x_wconf 95' lang='lat' dir='ltr'> </span> 
     </span>
    </p>
   </div>
  </div>
 </body>
</html>
