2492 3900
153 238 212 302 140
362 237 395 302 Q.
420 237 548 290 cunm
571 237 659 290 RUFI
683 237 733 290 DE
757 237 887 292 onsuls

151 415 328 476 Thebarum
348 415 539 494 praeferebat
559 415 704 490 exscidia,
733 436 794 477 non
821 419 895 477 rino
926 415 1028 492 modo,
1048 416 1104 479 sed

152 511 245 572 etiam
260 509 355 570 animi
368 521 464 590 prava
477 511 677 570 contentione
692 522 864 590 provectus.

193 607 286 669 VIII.
307 607 360 666 Ad
384 607 536 681 ultimum,
558 606 620 666 “si
645 607 848 682 moriendum,
862 607 878 638 '’
899 608 1008 688 inquit,
1032 615 1103 671 “est

152 726 208 785 pro
222 716 263 779 te,
280 704 380 765 Clitus
400 714 448 763 est
469 703 603 782 primus:
624 713 657 763 at
681 723 752 764 cum
775 705 921 765 victoriae
941 706 1102 768 arbitrium

124 803 227 882 5agis,
250 800 448 881 praecipuum
473 800 576 860 ferunt
602 800 782 880 praemium,
807 801 858 880 qni
886 802 1101 880 procacissime

152 900 247 980 patris
272 899 318 959 tui
344 897 507 958 memoriae
532 897 685 958 inludunt.
727 897 914 977 Sogdianam
943 899 1100 978 regionem

152 996 227 1056 mibi
244 995 404 1069 adtribuis,
415 994 531 1055 totiens
552 994 697 1055 rebeliem
720 1005 752 1055 et
773 1015 833 1054 non
856 995 949 1056 modo
971 996 1101 1056 indomi-

151 1104 226 1167 tam,
253 1091 306 1152 sed
335 1111 414 1171 quae
437 1111 476 1151 ne
500 1090 601 1171 subigi
630 1089 756 1170 quidem
780 1091 884 1171 possit
925 1090 1037 1153 Mittor
1058 1091 1099 1152 ad

150 1191 230 1250 feras
253 1189 379 1262 bestias,
404 1189 584 1270 praecipitia
607 1189 732 1268 ingenia
759 1189 893 1250 sortitas.
935 1189 997 1250 Sed
1020 1209 1098 1270 qnae

102 1305 140 1364 10
151 1288 189 1348 ad
205 1307 254 1347 me
268 1287 433 1368 pertinent,
446 1297 587 1347 transeo:
609 1285 746 1366 Philippi
759 1286 872 1346 milites
887 1286 1012 1366 spernis,
1026 1287 1099 1348 obii·

150 1396 209 1460 tus,
223 1384 282 1445 nisi
303 1384 353 1444 hic
366 1383 528 1444 Atiranias
552 1403 648 1444 senex
671 1382 804 1472 iuniores
828 1403 963 1464 pugnam
984 1383 1098 1444 detrec

150 1491 252 1542 tantes
266 1490 447 1555 revocasset,
461 1481 562 1541 adhuc
583 1501 641 1540 nos
661 1480 742 1541 circa
763 1479 1012 1540 Halicnmassum
1027 1481 1097 1539 baa-

149 1598 237 1639 snros
250 1578 351 1638 inisse.
392 1577 559 1649 Quomodo
583 1576 679 1656 igitur
700 1576 810 1637 Asiam
831 1576 923 1637 etiam
946 1596 1015 1638 curn
1030 1569 1096 1637 isti's

148 1668 317 1734 iunioribus
343 1674 523 1735 subiecisti?
576 1673 695 1735 Verum
724 1684 780 1749 est,
807 1683 842 1734 ut
870 1674 986 1754 opinor,
1013 1673 1098 1754 quod

101 1791 139 1852 15
150 1771 335 1831 avunculum
363 1782 452 1832 tuum
476 1771 508 1831 in
536 1769 629 1831 Italia
650 1770 764 1832 dixisse
789 1781 920 1846 constat,
941 1770 1041 1851 ipsum
1065 1771 1097 1830 in

149 1869 231 1930 viros
245 1868 396 1941 incidisse,
410 1878 442 1929 te
456 1867 489 1928 in
503 1865 660 1928 seminas.’‘

188 1967 247 2028 IX.
268 1967 356 2027 Nihil
370 1986 409 2026 ex
423 1966 565 2027 omnibus
583 1965 755 2027 inconsulte
771 1986 807 2027 ac
821 1976 937 2026 temere
951 1964 1039 2026 iactis
1052 1985 1098 2026 re·

147 2084 219 2144 gem
240 2064 341 2143 magis
361 2072 511 2136 moverat,
536 2082 629 2141 quarn
651 2062 864 2125 Parmenionis
886 2082 955 2123 oum
980 2063 1097 2124 honore

147 2156 267 2222 mentio
280 2158 384 2221 inlata.
424 2158 574 2220 Dolorem
595 2171 699 2219 tamen
720 2179 773 2220 rex
795 2160 916 2239 pressit,
932 2170 1097 2220 contentus

98 2277 139 2338 20
148 2256 282 2330 iussisse,
303 2266 339 2317 ut
362 2255 505 2317 convivio
526 2256 699 2317 excederet.
740 2256 809 2317 Neo
831 2256 993 2337 quicquam
1014 2255 1097 2316 aliud

148 2353 268 2428 adiecit,
282 2374 383 2433 qnam,
397 2353 524 2413 forsitan
540 2372 619 2427 eum,
634 2352 659 2413 si
673 2353 790 2414 diutins
811 2353 933 2413 locutus
947 2354 1034 2428 foret,
1049 2372 1098 2413 ex·

147 2452 363 2533 probraturnm
376 2450 435 2510 sibi
455 2449 550 2510 inisse
564 2449 662 2511 vitam
676 2469 695 2509 a
709 2450 875 2529 semetipso
892 2450 1017 2511 datam:
1038 2450 1098 2510 hoo

147 2550 230 2611 enim
243 2550 375 2631 superbe
389 2568 480 2628 saepe
494 2548 633 2608 iactasse.
666 2546 781 2631 Atque
796 2548 883 2607 ilium
898 2556 1096 2608 cunctantem

147 2649 249 2709 adbuc
261 2666 395 2726 surgere,
409 2645 462 2726 qui
476 2644 607 2726 proximi
626 2643 655 2704 ei
675 2644 854 2718 cubuerant,
868 2643 989 2704 iniectis
1004 2644 1098 2703 mani·

175 2808 196 2853 1.
214 2805 360 2866 Thebanam]
405 2804 459 2852 The
483 2804 606 2860 Thebans,
639 2804 720 2862 rising
735 2804 800 2850 from
814 2807 902 2850 nature
917 2802 1041 2863 hendiong
1051 2803 1097 2849 im-

146 2876 243 2933 shortly
251 2878 313 2922 aiter
321 2874 511 2931 Phiiip'sdeath,
519 2873 608 2919 sttrred
638 2872 739 2930 pulses!

146 2958 180 3002 up
190 2946 232 2991 the
250 2945 344 2991 Greeks
355 2944 461 2989 tomake
472 2955 524 2989 war
538 2954 604 3001 upon
665 2940 699 2986 ii.
715 2938 859 2999 Athamas]
877 2939 915 2985 He
925 2938 976 2986 had
985 2943 1029 2986 not
1039 2939 1098 2997 long

145 3015 299 3061 Macedonia.
636 3009 719 3055 before
743 3008 856 3055 recered
875 3008 982 3065 aprina
1003 3008 1096 3053 sorbis

175 3084 197 3129 2.
212 3081 488 3129 anina-concessione
509 3096 606 3140 provee·
635 3078 741 3134 bravery
761 3078 844 3124 before
865 3077 1061 3132 Halicarnassus,
1081 3088 1097 3121 a

145 3152 194 3211 tras]
252 3150 391 3207 ‘lmpeiiod
407 3151 439 3206 hy
454 3163 470 3195 a
484 3162 605 3207 perverse,
636 3146 684 3202 city
696 3146 726 3191 of
737 3146 817 3191 Cana.

145 3218 434 3281 quarreisometemper.’
666 3216 699 3261 15.
715 3215 860 3261 avunculum
876 3213 954 3274 taum]
986 3213 1096 3259 Alexan·

173 3292 196 3336 4.
211 3287 375 3346 eum-aqia]
398 3286 495 3332 ‘When
505 3297 605 3344 yones·
634 3286 686 3340 der,
698 3285 758 3341 iring
775 3286 805 3329 of
821 3284 921 3341 Epirus,
938 3284 980 3329 the
997 3282 1097 3327 brother
1162 3316 1164 3331 .

146 3362 200 3417 stgn
211 3360 252 3405 the
263 3358 335 3403 truita
346 3356 375 3401 of
383 3356 494 3412 stotory!
635 3355 664 3400 of
677 3354 814 3410 Olympias,
825 3354 882 3398 who
892 3365 942 3398 was
953 3352 1029 3397 kibed
1045 3352 1096 3397 Ina

174 3430 197 3474 9.
204 3428 279 3490 jeraa
293 3425 391 3483 beruas]
422 3425 438 3469 i.
467 3436 488 3471 e.
517 3424 605 3469 tutha
635 3434 686 3467 war
696 3421 777 3467 which
788 3422 821 3467 ho
839 3421 932 3467 carried
950 3432 983 3465 on
1001 3419 1096 3479 against

145 3500 295 3545 inhabitants
310 3495 339 3541 oi
352 3496 422 3539 those
432 3493 567 3550 provinces.
575 3514 606 3524 -
634 3492 677 3537 tho
689 3492 825 3536 Luranians
835 3490 884 3535 and
895 3489 993 3537 Bruttii.

141 3563 398 3630 pompitmirroenm
406 3562 516 3621 ιονιίιω]
541 3560 604 3607 ‘De-
665 3558 699 3604 19.
710 3556 811 3619 praesb]
842 3555 1027 3617 ‘suppressad’
1101 3622 1104 3628 A
