2492 3900
80 191 84 201 ¹
144 198 284 264 tit-368]
358 193 715 248 METAMORPHOSEON
737 193 849 244 LIBER
872 193 894 244 Ι.
1059 192 1097 250 13

145 368 331 443 Ostendunt,
346 368 514 447 limumque
529 354 639 428 tenent
651 366 684 426 in
697 365 807 426 fronde
820 364 972 424 relictum.
1049 389 1054 396 ·

144 464 300 525 Redditus
313 465 395 525 orbis
409 475 482 524 erat.
525 463 628 535 Quem
641 473 807 543 postquam
819 461 900 521 vidit
913 460 1034 520 inanem

144 560 188 622 Et
202 546 356 622 desolatas
371 582 462 641 agere
476 562 540 620 alta
554 561 677 620 silentia
690 570 795 633 terras,
1038 559 1095 618 180

144 657 315 719 Deucalion
329 659 461 718 lacrimis
474 659 519 718 ita
533 655 685 736 Pyrrham
699 657 820 716 adfatur
833 655 967 716 obortis:

144 755 197 815 “0
212 775 306 828 soror,
321 775 339 815 o
353 755 498 828 coniunx,
512 775 532 814 o
545 753 660 812 semina
673 754 739 813 sola
752 763 915 832 superstes,

146 851 248 924 Quam
261 871 423 912 commune
438 851 514 911 mihi
527 869 626 930 genus
640 861 673 910 et
685 851 832 930 patruelis
847 849 942 928 origo,

143 947 266 1008 Deinde
280 958 367 1008 torus
381 947 492 1022 iunxit,
505 967 588 1007 nunc
600 946 668 1025 ipsa
680 947 816 1027 pericula
829 946 978 1025 iungunt:

144 1045 318 1119 Terrarum,
332 1064 539 1124 quascumque
553 1044 662 1104 vident
675 1063 801 1103 occasus
814 1053 846 1103 et
860 1052 955 1116 ortus,
1038 1040 1095 1100 185

144 1140 212 1201 Nos
226 1141 288 1201 duo
303 1140 395 1200 turba
408 1160 528 1200 sumus:
548 1140 687 1220 possedit
700 1149 802 1199 cetera
815 1151 937 1219 pontus.

144 1237 232 1298 Haec
246 1258 367 1319 quoque
383 1238 485 1297 adhuc
498 1238 583 1296 vitae
596 1257 660 1296 non
674 1247 723 1297 cst
736 1237 849 1296 fiducia
862 1246 987 1296 nostrae

145 1334 238 1394 Certa
252 1335 343 1394 satis:
365 1343 482 1394 terrent
497 1333 591 1394 etiam
604 1354 688 1394 nunc
701 1333 807 1393 nubila
820 1343 965 1394 mentem.

145 1430 229 1502 Quid
243 1431 309 1506 tibi,
323 1431 349 1491 si
361 1425 430 1492 sine
444 1451 494 1491 me
508 1431 579 1490 fatis
593 1440 700 1510 erepta
712 1431 833 1506 fuisses,

143 1527 176 1586 N
178 1515 354 1602 uno'animi,
364 1529 546 1602 miseranda,
559 1528 663 1588 foret?
683 1548 744 1609 quo
755 1528 820 1588 sola
832 1528 977 1589 timorem
1038 1527 1097 1586 190

144 1623 238 1683 Ferre
252 1625 346 1683 modo
360 1627 490 1704 posses?
511 1645 572 1704 quo
587 1626 767 1686 consolante
782 1626 924 1686 doleres?

143 1718 288 1800 Namque
303 1742 371 1800 ego,
386 1723 475 1781 crede
491 1723 574 1796 mihi,
588 1724 660 1783 site
676 1743 797 1802 quoque
810 1734 925 1802 pontus
939 1723 1076 1796 haberet,

143 1815 190 1876 Te
206 1837 357 1897 sequerer,
372 1819 513 1893 coniunx,
528 1828 560 1879 et
574 1840 623 1878 me
638 1840 760 1900 quoque
773 1830 887 1899 pontus
900 1820 1036 1879 haberet.

144 1913 172 1974 Ο
187 1913 306 1974 utinam
319 1915 435 1995 possim
449 1903 580 1996 populos
595 1936 733 1996 reparare
746 1917 882 1997 paternis

142 2004 281 2079 Artibus,
295 2016 388 2086 atquc
402 2008 519 2067 animas
532 2007 681 2067 formatae
694 2008 854 2069 infundere
867 2008 983 2069 terrae!
1038 2008 1096 2067 195

142 2098 237 2161 Nunc
250 2122 348 2181 genus
363 2103 395 2163 iu
409 2104 497 2163 nobis
510 2113 606 2164 restat
619 2106 749 2165 mortale
763 2105 903 2166 duobus:

144 2196 197 2257 Sic
211 2197 313 2257 visum
327 2200 461 2279 superis:
481 2201 702 2281 hominumque
717 2203 858 2281 exempla
870 2201 1057 2263 manemus.”

142 2292 284 2368 Dixerat,
298 2304 331 2354 et
344 2296 467 2356 flebant.
508 2297 631 2357 Placuit
646 2299 778 2358 caeleste
791 2298 911 2379 precari

142 2388 279 2465 Numen,
293 2402 326 2451 et
340 2393 487 2452 auxilium
502 2413 557 2473 per
571 2414 672 2455 sacras
689 2415 835 2476 quaerere
849 2405 957 2457 sortes.

174 2548 224 2597 183.
239 2552 489 2612 commune-qenes]
506 2552 606 2609 Iapetus
636 2556 677 2602 the
697 2555 803 2602 ablativo
823 2556 936 2601 absolute
955 2555 1099 2614 containing

142 2630 194 2663 was
213 2619 255 2665 the
274 2620 435 2675 grandfather
451 2622 480 2667 of
500 2622 606 2667 both·
635 2624 677 2669 the
691 2625 792 2682 leading
805 2624 868 2669 idea.

139 2689 260 2747 parmulis
269 2689 349 2748 criqo]
382 2690 505 2736 ‘Descent
516 2690 606 2736 ironia
665 2689 714 2735 194,
730 2690 865 2749 Ordinem]
883 2690 1098 2737 Thchiatusmust
1184 2667 1186 2670 Ι

143 2757 245 2803 father's
256 2758 373 2803 brother?
635 2760 666 2805 be
676 2759 805 2822 tolerated‚
816 2771 844 2803 as
855 2759 918 2812 such
932 2758 1098 2816 interiectione

174 2826 223 2872 184.
240 2827 346 2887 Deinde]
374 2828 434 2875 Two
445 2829 606 2885 syllables‚as
636 2833 727 2874 cannot
741 2828 1016 2888 beelided.-possim]
1048 2829 1098 2874 lm-

143 2894 238 2951 always
248 2896 273 2939 ln
282 2896 323 2941 the
335 2896 422 2943 classic
431 2901 508 2954 pocts.
636 2897 697 2953 piies
717 2897 759 2941 the
778 2897 916 2954 possibility
933 2897 963 2942 oi
980 2898 1099 2955 realizing

174 2964 223 3011 187.
239 2964 306 3009 Haec
326 2966 425 3025 quoqne]
448 2967 533 3013 ‘Even
557 2967 606 3011 this
636 2967 679 3011 the
693 2966 771 3020 wish3
783 2981 878 3024 possem
893 2966 976 3012 would
991 2967 1097 3012 exclude

144 3033 211 3091 (that
221 3046 258 3079 wc
268 3034 320 3079 still
335 3036 444 3092 survive)
456 3036 477 3080 is
488 3039 532 3080 not
546 3035 606 3093 yet‚'
636 3034 663 3079 it.
672 3036 816 3092 -patemis
831 3033 941 3093 Artibus]
972 3034 1095 3093 Thoscoi

143 3107 199 3158 etc,
213 3102 292 3149 adhuc
300 3117 381 3149 -ncn
388 3101 460 3162 being
467 3105 607 3161 equivalent
636 3103 674 3147 his
685 3103 772 3158 father,
783 3103 953 3149 Prometheus.

143 3172 295 3218 tonandum.
666 3172 715 3217 195.
724 3171 863 3233 formatae]
887 3172 936 3218 ie.
955 3170 1098 3231 infimorum

175 3242 224 3287 189.
244 3238 309 3293 Quid
322 3242 483 3305 tibi-smol]
515 3244 607 3289 ‘What
635 3240 749 3287 hominis.

142 3310 229 3357 would
244 3312 274 3356 be
287 3324 351 3367 your
366 3312 468 3369 feelings
484 3311 608 3356 nowi’-
667 3308 716 3354 198.
732 3308 844 3368 Placuit]
885 3307 924 3353 Sc.
944 3308 996 3362 cis,-
1023 3306 1099 3364 ‘they

142 3378 224 3443 sotir]
256 3380 345 3426 ‘From
356 3380 522 3427 destruction'
637 3378 767 3425 resolved.'

174 3448 225 3493 191.
241 3448 429 3508 quo-domes]
457 3448 609 3504 Equivalent
668 3448 717 3493 199.
733 3445 841 3503 Numen]
867 3442 1034 3490 iamin.
1059 3439 1098 3487 Cf.

142 3520 171 3565 tc
192 3516 245 3578 quis
262 3521 285 3565 tc
302 3516 419 3566 dolentem
436 3517 607 3575 caecaretur,
638 3516 695 3574 Dic,
708 3512 803 3571 Theoti,
813 3526 838 3558 v.
848 3511 900 3557 210·
