2492 3900
170 213 229 273 254
443 216 483 266 M·
508 216 633 266 TULLII
657 216 853 268 CICERONIS

209 392 257 451 33.
279 390 460 453 Seserem.
496 391 592 453 Recte
607 394 798 474 tequidem:
824 414 917 475 quam
932 394 972 455 ob
986 414 1052 484 rem
1066 416 1117 457 au·

169 488 298 549 diamus.

207 584 249 645 X.
290 584 443 647 Laeuus
484 586 602 647 Audite
631 607 714 662 vero,
739 587 849 667 optimi
874 586 940 661 riri,
965 608 1010 663 ea,
1036 610 1117 670 quae

167 682 344 760 saepissime
364 683 445 742 inter
466 702 514 742 me
529 694 561 743 et
576 684 753 764 Scipionem
773 685 812 745 de
835 686 970 746 amicitiis
991 686 1118 746 dissere·

139 777 287 847 5bantur.
328 779 524 860 Quamquam
544 780 595 840 ille
617 780 742 862 quidem
768 781 844 842 nihil
873 782 1024 843 difficilius
1050 803 1117 844 esse

128 938 137 951 ,
167 874 291 937 dicebat
301 896 393 955 quam
407 877 573 937 amicitiam
589 878 738 959 usquead
751 889 924 939 extremum
939 879 1021 939 diem
1034 879 1117 940 vitae

166 992 365 1052 permanere;
387 994 460 1033 nam
484 974 533 1034 vel
549 984 594 1035 ut
607 972 672 1034 iren
695 974 780 1035 idem
794 975 964 1055 expediret,
978 975 1114 1037 incidere

166 1087 267 1147 saepe,
280 1068 330 1128 vel
345 1078 380 1128 ut
393 1069 433 1129 de
447 1088 479 1129 re
494 1068 616 1149 publica
626 1090 687 1130 uon
703 1070 787 1130 idem
798 1069 982 1145 sentiretur3
1003 1072 1116 1131 mutari

166 1165 261 1225 etiam
276 1184 375 1225 mores
390 1164 550 1225 hominum
564 1184 657 1245 saepe
671 1167 805 1239 dicebat,
822 1166 896 1227 alias
918 1167 1058 1228 adversis
1071 1188 1117 1227 re-

117 1261 233 1337 10bus,
253 1261 328 1322 alias
350 1271 453 1323 aetate
476 1261 719 1341 ingravescente.
759 1264 866 1343 Atque
887 1284 993 1325 earum
1015 1285 1117 1324 rernm

165 1359 341 1438 exemplum
368 1364 408 1419 ex
432 1358 630 1419 similitudine
660 1359 968 1439 capiebatineuntis
996 1359 1116 1434 aetatis,

165 1455 249 1534 quod
273 1454 385 1515 summi
409 1474 574 1534 puerorum
598 1475 719 1516 amores
742 1438 833 1536 saepe
858 1467 921 1516 und
942 1476 1012 1517 cum
1033 1476 1117 1535 prae·

163 1561 251 1613 texta
262 1562 336 1631 toga
349 1561 538 1631 ponerentur
546 1571 555 1627 ;
576 1554 624 1613 34.
645 1552 694 1613 sin
708 1563 812 1614 autem
824 1553 862 1613 ad
875 1553 1115 1613 adulescentiam

164 1646 391 1726 perduxissent
412 1646 516 1706 dirimi
536 1655 643 1707 tamen
667 1646 823 1707 interdum
844 1648 1045 1708 contentione
1066 1647 1116 1708 vel
1171 1672 1175 1678 ·

116 1744 153 1806 15
166 1742 289 1802 uxoriae
313 1742 508 1817 conditionis,
518 1742 569 1802 vel
593 1743 749 1804 commodi
770 1744 908 1819 alicuius,
929 1744 1013 1823 quod
1033 1743 1116 1803 idenr

163 1839 293 1919 adipisci
313 1852 442 1919 uterque
462 1860 523 1899 non
545 1849 658 1920 posset.
701 1841 794 1913 Quod
816 1841 842 1903 si
863 1841 917 1921 qui
937 1840 1060 1921 longius
1082 1840 1114 1899 in

163 1936 299 1999 amicitia
317 1937 456 2020 provecti
477 1947 589 2012 essent,
603 1944 707 1999 tamen
729 1960 820 2020 saepe
842 1937 1028 2013 labefactari,
1041 1937 1067 1999 si
1082 1938 1114 1999 iu

191 2098 214 2145 t.
233 2096 395 2158 Quemquam]
437 2095 497 2142 This
520 2096 622 2154 particle
653 2098 688 2155 hy
698 2099 761 2156 boys
780 2099 818 2144 tili
836 2101 912 2145 about
921 2099 964 2146 the
975 2097 1116 2145 fourteenth

163 2181 246 2216 serres
256 2180 283 2214 as
293 2181 309 2214 a
323 2167 454 2214 corrective
465 2165 494 2212 ci
509 2166 551 2212 the
567 2167 623 2212 idea
652 2178 713 2224 year
722 2167 752 2214 of
768 2168 833 2214 their
842 2180 896 2225 age.

162 2242 217 2286 thet
236 2239 316 2296 Scipio
335 2237 383 2283 end
402 2237 500 2282 Laelius
516 2236 565 2282 hod
581 2236 622 2282 the
683 2237 717 2282 13.
729 2237 886 2297 ponerentur]
915 2237 1116 2294 Fordeponeren·

162 2322 230 2356 seme
249 2310 324 2354 views
343 2309 367 2352 in
386 2306 473 2363 regnrd
488 2309 514 2350 to
532 2306 622 2351 friend·
651 2308 712 2360 tro,-
736 2310 815 2351 ‘were
836 2305 885 2351 leid
907 2305 990 2351 eride!
1019 2304 1116 2351 disthe

163 2379 226 2436 ship.
256 2377 326 2435 They
337 2375 439 2422 differed
448 2375 472 2420 in
482 2374 546 2419 this:
562 2373 622 2420 Lce-
653 2375 762 2431 military
772 2376 926 2432 expression,
938 2388 1116 2435 anteponere,

163 2447 211 2494 lius
222 2445 371 2494 maintained
381 2443 435 2489 that
450 2455 519 2488 verae
529 2441 623 2487 amhit·
654 2443 725 2490 Caes.
736 2443 765 2490 B.
776 2443 806 2488 G.
818 2445 852 2490 ir.
861 2443 898 2493 37.

162 2516 200 2563 iae
209 2515 366 2574 complicatae
374 2517 430 2560 rant
437 2513 484 2568 (lx.
493 2510 542 2567 32),
552 2509 624 2557 white
683 2512 719 2556 14.
730 2511 907 2572 permulceret]
924 2511 964 2558 Sc.
974 2526 1077 2568 amores,
1088 2522 1116 2557 us

163 2586 244 2644 Scipio
255 2585 330 2631 ‘used
341 2588 367 2629 to
378 2594 423 2639 say
435 2583 488 2626 that
495 2581 564 2627 there
574 2591 624 2625 was
652 2578 743 2636 object.

161 2656 267 2711 nothing
282 2665 350 2700 more
366 2651 471 2698 difficolt
493 2651 554 2696 than
570 2650 624 2694 that
683 2648 718 2694 15.
733 2647 837 2694 monce
855 2646 1012 2706 conditionis]
1060 2645 1116 2704 ‘By

162 2722 298 2779 friendship
315 2721 406 2767 should
417 2717 623 2768 continuetothe
652 2718 939 2775 rivalryinamerriagc
955 2716 1022 2762 suit!
1053 2717 1117 2761 Con-

162 2792 250 2838 endot'
263 2790 320 2836 iiie!
651 2786 713 2833 ditio
725 2786 889 2832 isoitenthus
899 2784 1116 2832 usederenwith·

189 2859 212 2907 7.
227 2856 343 2917 incidere]
374 2856 405 2902 In
419 2855 461 2902 the
476 2852 623 2900 οναείοοὸὶἱ-
652 2863 696 2902 out
711 2856 807 2911 rasoria,
825 2857 864 2901 ior
879 2856 1015 2912 ‘marriage
1033 2865 1117 2912 agree-

161 2942 217 2988 quc,
229 2928 369 2984 depending
380 2938 446 2982 upon
457 2923 556 2970 dicebat.
581 2923 622 2968 In·
652 2925 737 2970 ment!
767 2923 805 2969 Cf.
817 2923 873 2969 Ter.
885 2923 951 2968 And.
963 2923 980 2968 i.
992 2923 1013 2978 i,
1025 2921 1062 2968 62.

161 2995 240 3042 cidere
250 2998 269 3041 is
281 2996 342 3041 used
352 2999 378 3040 to
389 2993 480 3050 signify
492 2993 533 3038 the
544 3003 622 3037 unex·
682 2993 717 3037 16.
735 2991 805 3041 Quod
813 2991 846 3051 rr]
877 2994 884 3017 ⁴
894 2991 945 3036 But
955 2989 989 3044 if‚’
1005 2995 1052 3036 etc.

160 3066 248 3123 pected
277 3075 424 3110 occurrence
444 3062 473 3108 ct'
494 3074 525 3107 an
550 3064 623 3107 event
682 3061 717 3109 li.
729 3059 836 3118 provecte¹
854 3058 942 3118 errent]
969 3058 1023 3105 The
1038 3059 1116 3116 ligure

161 3135 243 3181 which
274 3135 408 3190 interrupte
423 3132 480 3178 .the
508 3131 623 3187 previous
652 3129 674 3174 is
684 3129 809 3185 evidently
819 3128 893 3174 taken
906 3127 971 3173 from
989 3127 1117 3185 sellinges

161 3209 224 3251 state
233 3203 264 3250 οἰ
270 3204 361 3260 things.
377 3201 416 3247 Cf.
427 3201 498 3247 Caes.
508 3200 537 3247 B.
549 3200 579 3246 G.
590 3199 623 3245 vi.
652 3198 735 3255 riding
744 3196 853 3253 through
863 3196 1021 3254 thejcurney
1029 3195 1115 3252 ciliis,

162 3273 196 3320 15.
652 3266 810 3314 whereone's
821 3264 1116 3312 friendsarehistrarei·

189 3342 211 3387 9.
227 3337 406 3397 alios-aliar]
447 3338 497 3382 ‘At
506 3348 553 3382 one
563 3336 622 3384 time
653 3335 705 3392 ling
729 3334 943 3391 commnione·
960 3331 1114 3392 horsacterr]

159 3414 221 3455 -et
230 3409 334 3456 another
344 3405 420 3452 time!
654 3405 707 3449 Has
723 3405 766 3449 the
785 3415 853 3448 same
868 3402 964 3459 sthect
982 3413 1011 3448 as
1029 3399 1116 3448 dirimi

159 3494 162 3500 ·
190 3481 225 3527 12.
236 3473 624 3540 prudcctritoyfflddresswcrn
652 3469 956 3528 ehove‚viz.,amicr‘tt'am.
