2492 3900
98 210 100 215 ¹
163 238 223 299 alr
429 236 468 288 u.
495 234 622 287 russn
646 231 843 287 orcsnorns

162 414 292 475 humum
305 414 463 475 subactam
486 422 578 494 atque
599 431 709 492 puram
722 420 756 472 et
769 410 955 472 suavitatem
977 408 1118 485 odorum,

164 512 217 594 qui
231 512 419 572 adflarentur
439 510 626 584 err-floribus,
639 518 708 569 tum
728 528 800 568 eum
822 506 945 582 dixisse,
959 507 1063 567 mirari
1083 527 1118 567 se

164 630 226 669 non
240 598 334 669 modo
349 607 550 687 diligentiam,
564 605 620 667 sed
635 604 729 665 etiam
750 604 919 666 sollertium
933 604 1008 678 eius,
1022 623 1041 662 a
1055 622 1118 682 quo

164 716 267 766 essent
281 705 334 765 illa
348 704 488 764 dimensa
509 712 601 783 atque
617 701 791 781 descripta3
814 711 847 762 et
862 702 978 780 Cyrum
996 720 1119 779 respon·

137 802 264 871 5disse:
285 800 411 881 “Atqui
426 821 486 879 ego
496 799 556 859 ista
570 820 640 859 sum
656 798 760 858 omnia
773 798 930 857 dimensus
939 818 948 874 3
970 797 1032 857 mei
1045 806 1118 857 sunt
1138 872 1144 883 .

131 886 134 891 ¹
166 899 298 973 ordines,
307 917 378 957 mea
387 896 571 975 descripti03
591 895 709 955 multae
720 895 816 955 etiam
829 894 957 954 istarum
972 894 1117 953 arborum

165 1005 235 1055 mea
254 1014 348 1053 manu
372 1002 445 1055 sunt
465 991 577 1053 satae.’'
618 991 701 1051 Tum
724 990 929 1070 Lysandrum,
943 991 1117 1050 intuentem

167 1110 333 1171 purpuram
355 1090 421 1150 eius
441 1099 475 1150 et
495 1090 627 1149 nitorem
649 1088 785 1168 corporis
799 1098 1004 1166 ornatumque
1019 1086 1119 1148 Persi·

167 1208 237 1247 cum
260 1187 360 1247 multo
381 1206 457 1247 auro
480 1186 647 1265 multisque
670 1184 811 1265 gemmis,
833 1184 965 1244 dixisse:
991 1182 1118 1245 “Recto

118 1290 157 1350 10
167 1294 298 1359 verote,
313 1285 403 1363 Cyre,
416 1284 543 1344 beatum
555 1282 669 1355 ferunt,
683 1281 829 1361 quoniam
841 1278 950 1340 uirtuti
971 1290 1043 1340 tuac
1060 1282 1119 1341 for·

167 1390 244 1442 tuna
257 1382 422 1442 coniuncta
435 1392 484 1441 est
494 1381 502 1441 l
511 1380 528 1409 ’'
570 1381 617 1441 60.
639 1378 709 1439 Hac
720 1377 817 1459 igitur
836 1377 960 1438 fortuna
973 1377 1032 1437 frui
1045 1378 1120 1440 licet

167 1479 292 1539 senibus
319 1498 378 1538 nec
401 1487 487 1538 aetas
515 1476 645 1555 inpedit,
667 1494 728 1554 quo
755 1474 859 1534 minus
885 1484 919 1535 ct
946 1484 1119 1535 ceterarum

167 1595 270 1635 rerum
285 1584 317 1635 et
330 1573 364 1633 in
377 1573 485 1654 primis
500 1572 567 1652 agri
587 1571 710 1631 colendi
731 1571 835 1631 studia
848 1583 1009 1630 teneamus
1023 1591 1121 1653 usque

168 1670 208 1729 ad
229 1670 373 1729 ultimum
393 1679 518 1749 tempus
540 1667 719 1729 senectutis.
758 1667 803 1727 M.
818 1666 944 1748 quidem
959 1666 1120 1729 Valerium

121 1772 159 1834 15
170 1765 307 1826 Corvum
318 1763 492 1843 accepimus
513 1762 555 1824 ad
575 1762 780 1823 centesimum
802 1781 917 1821 annum
931 1762 1122 1842 perduxisse,

169 1881 241 1921 oum
264 1870 346 1921 esset
370 1870 439 1921 acta
461 1859 525 1920 iam
549 1868 652 1919 aetate
675 1858 707 1918 in
736 1858 817 1938 agris
844 1878 959 1938 eosque
987 1858 1122 1935 coleret3

170 1957 257 2019 cuius
270 1957 353 2017 inter
365 1958 498 2036 primum
513 1967 546 2018 et
559 1968 682 2018 sextum
704 1956 900 2016 consulatum
913 1976 968 2016 serr
982 1965 1015 2016 et
1029 1957 1123 2037 qnad-

146 2121 150 2134 ‘
169 2055 292 2134 raginta
304 2053 376 2114 anni
391 2054 604 2114 interfuerunt.
646 2053 705 2127 Ita,
718 2064 870 2131 quantum
890 2052 1024 2132 spatium
1041 2062 1124 2114 aeta·

170 2150 211 2212 tis
226 2151 356 2211 maiores
369 2151 466 2210 nostri
481 2150 522 2210 ad
535 2149 705 2211 senectutis
725 2147 850 2208 initium
864 2169 931 2208 esse
945 2150 1122 2226 voluerunt,

122 2258 161 2318 20
171 2257 276 2308 tantus
296 2247 340 2307 illi
354 2267 461 2307 cursus
480 2245 715 2307 honorumfuit.
755 2245 863 2324 Atque
877 2245 969 2306 huius
983 2256 1123 2307 extrema

172 2355 256 2405 aetas
270 2345 330 2404 hoc
342 2343 470 2418 beatior,
484 2363 577 2423 quarn
598 2341 710 2415 media,
724 2341 808 2420 quod
825 2334 1017 2403 auctoritatis
1032 2343 1123 2405 habe-

171 2441 226 2502 bat
247 2441 326 2521 plus,
349 2439 462 2499 laboris
485 2439 595 2498 minus.
637 2438 731 2516 Apes
756 2447 804 2498 est
825 2449 929 2498 autem
954 2439 1125 2501 senectutis

172 2538 347 2599 auctoritas.
389 2538 437 2596 61.
458 2537 584 2609 Quanta
606 2536 666 2594 fuit
693 2534 725 2594 in
753 2533 789 2594 L.
810 2535 945 2596 Caecilio
975 2536 1125 2598 Metello!

15 2663 64 2682 a
172 2642 287 2713 quauta
310 2630 342 2690 in
367 2629 467 2691 Atilio
492 2629 656 2691 Calatino!
687 2628 720 2687 in
749 2649 842 2708 quem
869 2629 946 2689 illud
972 2631 1124 2711 elogium:

124 2735 162 2796 25
172 2727 281 2790 Uuuu
295 2746 387 2788 nuuc
401 2746 572 2788 rnnnmnn
592 2744 829 2786 cousuurruur
851 2745 984 2787 esurus
1005 2745 1125 2788 Porum

172 2843 362 2884 summurn
376 2843 491 2885 rumen
507 2843 621 2883 mauu.
656 2819 778 2880 Notum
792 2831 841 2882 est
854 2842 979 2882 carmen
994 2822 1125 2883 incisum

203 2981 224 3028 1.
235 2981 337 3041 purum]
368 2983 454 3030 ‘Clear
467 2983 497 3028 of
508 2982 604 3030 weeds.’
694 2979 729 3025 19.
744 2981 777 3026 ad
791 2980 919 3027 senectutis
934 2980 1046 3042 anuum]
1061 2981 1126 3028 unat

202 3052 225 3097 4.
240 3051 358 3112 dimensa]
405 3053 474 3099 Used
500 3054 633 3111 passively.
663 3050 958 3109 nmttheagoorsixty.

175 3121 212 3167 cf.
223 3121 342 3180 adeptam
353 3123 378 3168 ii.
389 3123 411 3168 4.
693 3116 729 3163 21.
743 3118 833 3177 medic]
864 3117 1021 3167 'sustineor
1033 3119 1125 3166 liscbc-

203 3187 226 3234 8.
241 3189 364 3248 amatum]
378 3189 633 3236 Hercasnbstantivc.
664 3191 744 3232 twcen
752 3187 916 3233 aduksceatia
923 3190 1096 3249 andmuctur.

205 3257 239 3301 16.
255 3256 372 3301 actatum
385 3257 472 3314 aetum]
490 3257 635 3314 ‘Although
690 3253 727 3299 25.
744 3253 837 3312 Uncus]
871 3254 909 3299 cf.
931 3256 1071 3312 inscription
1093 3267 1126 3302 ou

175 3325 207 3370 hc
223 3335 272 3368 was
290 3334 345 3368 now
360 3325 488 3371 advanccd
503 3326 529 3370 in
546 3325 635 3382 ycars‚’
662 3323 704 3368 the
714 3325 783 3369 tourb
799 3325 829 3369 of
840 3324 868 3369 L.
885 3324 1014 3382 Cornelius
1030 3323 1126 3382 Scipioz

177 3393 229 3437 ‘his
241 3391 340 3450 (active)
351 3391 394 3436 life
405 3391 454 3436 had
464 3393 527 3438 boen
537 3392 635 3448 spent;’
663 3391 742 3436 Hanc
768 3403 832 3437 orno
850 3393 951 3452 [cnon]
985 3404 1126 3438 rsorarus

175 3464 253 3506 aetate
268 3458 289 3503 is
306 3459 331 3504 in
348 3459 390 3506 tha
404 3459 510 3507 sunam
523 3459 636 3507 absolute
663 3470 826 3505 cossurrorrr
851 3460 969 3519 Morem]
998 3472 1125 3510 uuouoao

176 3529 236 3574 with
245 3530 309 3574 octa
662 3539 768 3574 orrcuo
784 3541 861 3576 rursu
876 3542 941 3576 vrno
962 3531 1096 3591 [vraoao].
