2492 3900
84 179 89 188 ’
172 206 231 266 120
383 203 416 266 Q.
441 202 568 256 cusan
591 202 679 254 aun
703 200 908 254 nnonsrrs

172 403 254 466 que:
277 383 383 443 leones
408 400 531 462 quoque
555 389 588 442 et
611 379 753 461 pardales
776 356 878 440 caveis
909 379 1122 459 praefereban-

171 492 231 542 tur.
773 483 777 488 ’

212 578 255 638 ΙΙ.
275 577 362 657 Magi
377 577 498 650 deinde,
513 596 567 635 suo
577 595 661 634 more
676 594 798 633 carmen
814 583 966 646 canentes,
980 583 1049 652 post
1063 575 1120 634 hos

173 675 323 736 Chaldaei
337 673 639 752 Babyloniorumque
654 692 715 730 non
732 682 819 729 vates
841 670 943 741 modo,
958 670 1012 729 red
1027 671 1120 730 etiam

144 773 304 846 5artifices
324 793 394 831 cum
408 772 520 830 fidibus
531 771 578 829 sui
588 769 709 848 generis
720 768 807 827 ibant
819 788 825 826 :
847 768 953 826 laudes
967 768 1000 827 hi
1012 787 1121 846 regum

172 889 281 930 canere
306 869 397 943 soliti,
420 867 568 929 Chaldaei
589 866 724 927 siderum
745 875 848 925 motus
869 875 901 923 et
922 875 1018 924 statas
1038 866 1121 926 vices

172 976 348 1047 temporum
367 966 538 1028 ostendere.
580 964 711 1044 Equites
735 963 847 1022 deinde
871 962 1045 1042 Babylonii,
1065 983 1121 1024 suo

172 1083 382 1144 equorumque
395 1064 480 1124 cultu
494 1063 533 1122 ad
548 1061 701 1121 luxuriam
712 1060 810 1140 magis
825 1080 917 1140 quam
928 1060 967 1120 ad
982 1060 1121 1140 maguifia

172 1160 307 1221 centiam
320 1170 438 1235 exacto,
452 1159 552 1219 ultimi
565 1159 660 1218 ibant.
682 1158 761 1242 Rex,
775 1157 900 1218 annatis
914 1158 1053 1237 stipatus,
1068 1177 1121 1236 op·

125 1257 356 1337 lopidanorum
377 1257 500 1317 turbam
512 1265 584 1336 post
598 1255 723 1315 ultimos
737 1255 856 1334 pedites
870 1254 914 1313 ire
928 1254 1035 1314 iussit:
1055 1254 1120 1332 ipse

129 1434 133 1439 ἡ
172 1374 348 1414 cumcurm
363 1354 470 1414 urbem
484 1374 520 1414 ae
540 1353 653 1412 deiude
673 1353 789 1432 regiam
813 1351 949 1411 intravit.
989 1350 1121 1410 Postero

172 1447 223 1508 die
237 1447 459 1528 supellectilem
469 1447 564 1507 Darei
578 1456 610 1506 et
624 1466 747 1507 omnem
757 1445 920 1525 pecuniam
930 1444 1120 1523 recognovit.

212 1543 274 1604 111.
296 1543 443 1604 Ceterum
465 1543 561 1622 ipsius
584 1543 668 1602 urbis
690 1541 886 1621 pulchritudo
911 1561 947 1601 ao
973 1551 1120 1615 vetustas,

172 1660 236 1700 non
259 1641 340 1720 regis
363 1641 466 1715 modo,
490 1641 662 1702 sedetiam
686 1640 823 1699 omnium
844 1639 949 1698 oculos
968 1638 999 1696 in
1022 1646 1121 1697 semet

125 1736 255 1805 15haud
275 1737 417 1798 inmerito
442 1738 604 1799 convertit.
646 1736 823 1796 Semiramis
844 1754 912 1794 eam
932 1735 1121 1808 condiderat,

173 1854 245 1909 non,
258 1843 294 1894 ut
308 1835 444 1914 plerique
465 1834 634 1907 credidere,
655 1833 759 1907 Belus,
774 1832 860 1893 euius
881 1831 965 1911 regia
986 1831 1121 1891 ostendi-

171 1942 231 1993 tur.
271 1930 380 1992 Murus
395 1932 563 1992 instructus
578 1931 726 1991 laterculo
741 1930 853 2001 coctili,
864 1929 1015 1989 bitumine
1030 1929 1122 1989 inter-

171 2029 255 2105 litus,
281 2029 415 2109 spatium
441 2028 570 2109 triginta
595 2040 628 2089 et
649 2028 779 2088 duorum
800 2028 914 2108 pedum
935 2028 967 2086 iu
987 2026 1121 2086 latitudi-

171 2146 244 2186 nem
264 2126 477 2206 amplectitur:
499 2124 666 2207 quadrigae
689 2126 771 2185 inter
789 2146 822 2185 se
846 2136 1040 2185 occurrentes
1054 2124 1120 2185 sine

21 2272 28 2283 .
123 2229 163 2289 20
172 2220 306 2299 periculo
326 2240 498 2280 commeare
520 2221 674 2281 dicuntur.
714 2220 862 2281 Altitudo
883 2219 962 2279 muri
976 2220 1122 2300 quinqua·

170 2314 258 2393 ginta
280 2315 452 2375 cubitorum
474 2314 590 2374 eminet
614 2315 731 2394 spatio:
752 2324 852 2374 turres
876 2314 963 2375 denis
983 2314 1122 2394 pedibus,
1219 2314 1220 2317 ’

172 2429 264 2490 quam
273 2411 381 2471 murus
388 2411 512 2471 altiores
524 2421 605 2471 sunt.
629 2410 740 2472 Totius
751 2412 852 2491 operis
864 2412 998 2473 ambitus
1008 2421 1123 2472 trecen·

201 2569 222 2617 l.
233 2568 443 2633 praeferebantur]
475 2570 528 2616 The
538 2572 632 2617 techni·
690 2572 712 2617 8.
728 2570 944 2632 magnificentiam]
963 2573 1122 2619 Heremeans

171 2640 209 2687 eal
220 2643 284 2686 term
297 2643 335 2686 ior
356 2640 497 2699 ‘carrying’
511 2641 594 2699 things
605 2641 632 2687 in
661 2643 816 2699 ahecomiug
825 2642 930 2699 display.

171 2710 436 2766 apuhiieproeession.
692 2711 727 2756 li.
743 2712 890 2771 cumcuma]
921 2713 937 2758 i.
949 2712 1039 2758 ausit
1048 2722 1121 2768 were,

200 2778 222 2823 3.
237 2778 318 2837 Maga]
363 2779 455 2825 Priests
472 2780 501 2825 os
514 2780 556 2825 the
574 2780 632 2827 Per·
649 2780 687 2824 —in
698 2782 815 2837 triumph.
990 2785 997 2791 “

172 2847 282 2902 tlausto
296 2847 377 2893 whom
393 2860 443 2893 was
456 2849 631 2895 intrustedthe
692 2850 726 2894 15.
744 2850 895 2909 Semiramis]
937 2850 1077 2907 According
1096 2854 1122 2895 to

172 2926 227 2959 care
235 2914 264 2959 of
270 2915 312 2959 the
322 2917 406 2961 sacred
417 2917 468 2962 lire.
498 2916 568 2974 They
579 2917 633 2962 also
662 2928 730 2963 some
745 2919 896 2973 authorities,
908 2920 982 2965 Belus
998 2920 1061 2963 built
1080 2920 1122 2965 the

172 2982 223 3027 had
231 2987 300 3038 great
310 2984 418 3039 politieai
428 2986 555 3031 influente.
662 2988 751 3033 citadel
762 2989 809 3033 and
821 2988 962 3034 Semiramis
974 2989 1014 3033 the
1026 2989 1102 3033 walls.

200 3051 223 3095 4.
242 3051 367 3111 Chaldaea]
419 3053 472 3099 The
488 3067 560 3099 name
576 3055 606 3100 oi
617 3067 633 3101 a
692 3058 727 3105 17.
743 3057 867 3117 bitumine]
899 3058 974 3103 From
987 3058 1123 3114 theneigh-

172 3119 266 3176 people.
296 3120 346 3165 But
355 3121 396 3165 the
414 3126 477 3167 term
491 3124 511 3167 is
526 3124 579 3168 also
590 3136 633 3181 ap
662 3126 749 3183 boring
761 3128 823 3171 lake.

109 3227 111 3230 .
172 3188 275 3245 piiedto
289 3189 360 3235 those
369 3190 424 3235 who
438 3192 563 3247 professed
579 3194 634 3239 that
692 3196 727 3242 18.
743 3188 907 3256 latitudinem]
945 3197 1066 3243 Different
1080 3208 1122 3242 au·

172 3258 233 3314 they
248 3259 321 3303 could
338 3261 432 3315 predict
448 3261 531 3307 future
548 3267 633 3307 events
662 3265 731 3309 thors
751 3268 806 3323 give
826 3266 938 3313 different
961 3264 1077 3311 accounts
1097 3266 1126 3311 oi

172 3326 207 3383 hy
226 3327 356 3384 observing
372 3328 415 3374 the
427 3331 534 3375 motione
549 3332 578 3376 oi
591 3331 633 3378 the
663 3333 704 3377 the
714 3338 800 3379 extent
810 3334 839 3379 oi
845 3336 912 3380 these
924 3336 1000 3379 walis.

173 3396 295 3453 heaveniy
309 3397 595 3455 bodies-astrologers.
692 3400 727 3445 21.
744 3402 887 3459 habitorum]
917 3402 1123 3447 A'Romancuhit

201 3462 224 3508 5.
238 3464 389 3524 adamata]
436 3465 486 3510 ‘Oi
500 3466 635 3523 apeculiar
663 3479 713 3511 was
726 3469 819 3516 latiae
836 3470 941 3526 English
961 3471 1052 3527 inches,
1073 3470 1124 3518 and

173 3530 250 3577 kind)
663 3536 771 3583 aGreek
780 3538 848 3583 cubit
858 3537 950 3585 182016
960 3539 1053 3588 inches.
