2492 3900
329 194 502 269 tenutas,
528 208 613 261 srva
637 208 688 259 nu
712 208 895 261 sursum.
1030 210 1089 276 255

129 383 259 445 honoris
274 385 506 445 'contentionem
522 384 719 459 incidissent3
741 394 860 463 pestem
875 384 957 444 enim
973 386 1091 447 nullam

129 483 280 541 maiorem
297 501 362 540 esse
385 482 535 555 amicitiis,
552 502 642 561 quarn
659 482 689 540 in
705 482 858 561 plerisque
874 483 1024 562 pecuniae
1039 504 1090 543 cu·

128 579 308 657 piditatem,
330 578 360 637 in
384 578 509 657 optimis
535 579 706 658 quibusque
729 579 853 639 honoris
876 591 1029 639 certamen
1056 591 1089 641 et

128 676 258 753 gloriae,
272 695 310 733 ex
326 695 386 754 quo
401 674 577 734 inimicitias
598 678 749 734 maximas
770 696 861 755 saepe
875 677 957 745 inter
970 678 1090 739 amieis·

129 772 228 831 simos
247 771 412 831 exstitisse.
453 772 501 831 35.
522 770 640 849 Magna
658 772 751 830 etiam
764 772 894 833 discidia
909 783 941 833 et
955 775 1089 853 plerum·
1117 772 1136 832 5

130 888 194 946 que
208 868 288 927 iustu
304 868 395 941 nasei,
405 888 476 927 curn
491 868 604 947 aliquid
621 868 661 927 ab
675 867 781 928 amicis
794 870 875 948 quod
891 884 1009 930 rectum
1024 893 1088 931 uon

81 967 105 975 ’”
131 979 216 1025 esset
227 952 443 1044 postularetur,
453 973 488 1023 ut
500 976 553 1023 aut
564 964 700 1024 libidinis
716 966 847 1025 ministri
860 978 915 1026 aut
930 968 1087 1030 adiutores
1099 952 1103 957 ¹

131 1073 236 1121 essent
264 1061 303 1120 ad
331 1061 483 1120 iniuriam.
528 1061 621 1133 Quod
650 1062 702 1141 qui
730 1076 915 1137 recusarent,
945 1068 1086 1145 quamvis

131 1159 264 1217 honeste
279 1158 311 1217 id
325 1159 470 1231 facerent,
481 1158 528 1217 ius
542 1152 812 1219 tamen'arnicitiae
827 1160 969 1219 deserere
984 1182 1089 1239 argue·

131 1255 293 1331 renturah
308 1255 361 1328 eis,
375 1255 486 1334 quibus
508 1255 635 1335 obsequi
656 1256 791 1331 nollent3
812 1257 881 1316 illos
903 1254 1135 1338 antem,qui10

133 1352 256 1431 quidvis
272 1352 310 1411 ab
325 1352 422 1412 amico
444 1352 594 1412 auderent
613 1353 777 1431 postulare,
791 1354 1000 1431 postulatione
1022 1355 1087 1433 ipsa

133 1448 278 1530 profiteri,
294 1436 453 1508 omnia'se
475 1448 565 1509 amici
588 1460 680 1509 causa
703 1469 770 1508 esse
785 1450 929 1509 facturos.
969 1450 1085 1510 Eorum

134 1547 269 1625 querella
284 1547 471 1605 inveteratas
487 1566 549 1605 non
571 1545 665 1604 modo
689 1546 915 1606 familiaritates
930 1547 1086 1625 exstingui

134 1645 241 1717 solere,
265 1643 321 1702 sed
344 1642 416 1703 odia
444 1642 537 1702 etiarn
558 1642 646 1722 gigni
674 1642 871 1721 sempiterna.
927 1643 1016 1704 Haec
1042 1646 1087 1704 ita

134 1742 239 1814 multa,
255 1740 342 1820 quasi
355 1740 427 1813 sata,
442 1739 611 1818 inpendere
633 1740 787 1814 amicitiis,
801 1751 837 1801 ut
852 1742 956 1801 omnia
970 1742 1086 1801 subter·
1096 1749 1133 1809 15

132 1838 238 1916 fugere
253 1858 314 1897 non
330 1837 422 1897 modo
437 1837 615 1917 sapientiae,
626 1837 680 1897 sed
694 1838 788 1898 etiam
799 1839 954 1899 felicitatis
969 1840 1086 1900 diceret

132 1934 190 1994 sihi
206 1934 312 1994 videri.
469 1939 472 1950 '

173 2032 232 2092 XI.
268 2033 321 2102 36.
358 2032 461 2104 Quam
487 2032 616 2092 obrem
642 2031 675 2092 id
700 2033 833 2112 primum
861 2034 1031 2107 videamus,
1058 2033 1085 2093 si

132 2130 242 2209 placet,
267 2138 417 2208 quatenns
447 2149 533 2188 amor
560 2129 591 2188 in
621 2130 756 2190 amicitia
789 2132 934 2210 progredi
963 2131 1084 2190 debeat.

132 2227 165 2285 N
167 2247 268 2300 umne,
283 2227 307 2284 si
331 2226 510 2285 Coriolanus
535 2227 644 2286 habuit
665 2227 787 2300 amicos,
806 2229 885 2287 ferre
906 2238 1015 2286 contra
1035 2233 1132 2306 ρει-20

133 2325 224 2385 triam
239 2343 323 2382 arma
338 2324 382 2382 illi
396 2344 466 2383 cum
478 2323 641 2383 Coriolano
656 2324 855 2385 debuerunt?
876 2345 951 2382 num
965 2323 1084 2383 Viscel-

163 2484 183 2529 l.
199 2483 299 2529 honoris
319 2482 501 2541 contadimtem]
534 2482 594 2528 ‘Ri·
625 2483 722 2528 Corioli.
752 2483 793 2529 He
808 2495 858 2527 was
868 2483 988 2527 banished
997 2483 1085 2539 bytho

132 2555 203 2610 vulry
215 2554 252 2599 ior
261 2553 368 2611 politica!
379 2551 545 2608 presermont'
623 2551 701 2607 plebs,
713 2550 742 2596 B.
754 2552 781 2597 C.
797 2551 848 2605 490,
864 2551 914 2595 und
930 2550 1084 2604 afterwards,

161 2623 183 2672 7.
198 2628 264 2670 nt-
278 2622 364 2680 esseni]
404 2623 466 2678 ‘As,
493 2621 531 2666 for
556 2621 593 2666 in·
623 2621 756 2681 according
776 2626 802 2665 to
823 2620 865 2664 the
888 2624 965 2675 story,
986 2620 1011 2664 in
1027 2632 1084 2665 con·

132 2692 304 2749 stance‚that,’
320 2695 366 2737 etc.
623 2692 722 2736 nection
744 2691 802 2735 with
823 2689 865 2734 the
881 2688 1020 2743 Volscians‚
1042 2689 1084 2734 de·

161 2761 183 2807 8.
202 2761 270 2810 Quod
281 2759 323 2820 qui
332 2758 479 2817 remearent]
497 2757 593 2815 Equis·
623 2760 705 2805 seatcd
722 2761 759 2804 his
773 2771 828 2804 own
845 2762 1016 2813 countrymen‚
1034 2757 1085 2803 und

132 2831 199 2876 alent
215 2837 240 2874 to
259 2843 320 2884 cum,
338 2829 365 2872 id
388 2828 431 2888 qui
448 2833 592 2874 recusarent.
603 2826 606 2830 ’
623 2840 674 2872 was
684 2827 818 2886 prevented
833 2827 896 2871 from
907 2826 994 2883 taking
1003 2826 1084 2872 Rome

133 2901 172 2945 cf.
188 2899 228 2944 cui
239 2898 280 2958 qni
287 2903 382 2957 pareat,
401 2911 462 2955 page
479 2898 528 2953 171,
545 2898 593 2943 line
623 2897 683 2956 only
700 2899 733 2953 hy
751 2896 793 2941 the
810 2907 911 2953 prayers
930 2896 959 2940 of
974 2895 1012 2940 his
1027 2908 1084 2942 own

134 2970 169 3014 ll.
622 2966 728 3010 mother.

163 3039 197 3084 13.
213 3037 368 3097 inveteratas]
400 3037 490 3095 ‘Long
514 3039 593 3083 estab·
651 3032 687 3078 21.
707 3031 872 3091 Viscellinam]
922 3031 963 3088 Sp.
984 3031 1084 3078 cassius

132 3108 228 3154 llshed.’
623 3101 776 3147 Viscellinus
796 3101 838 3147 i'cli
859 3114 875 3146 a
894 3102 977 3147 victim
997 3108 1023 3147 to
1040 3103 1084 3149 the

163 3179 197 3222 15.
213 3175 387 3236 cubtmscgcre]
426 3178 449 3222 A
467 3176 593 3222 continna-
622 3172 680 3232 hate
690 3171 719 3217 oi'
733 3173 775 3216 the
793 3172 922 3228 patriciana
933 3171 972 3216 ior
982 3184 1083 3229 propos·

132 3249 183 3293 tion
195 3247 225 3292 of
232 3249 274 3293 the
284 3248 417 3305 metaphor
427 3248 508 3302 begun
520 3247 545 3290 in
555 3245 592 3290 ia·
622 3243 665 3298 ing
674 3242 724 3287 and
735 3241 849 3298 carrying
859 3242 901 3286 the
911 3241 964 3286 first
969 3242 1083 3297 urrunnu

127 3317 241 3378 pendere.
623 3311 678 3367 law,
699 3311 756 3367 and,
777 3311 870 3366 haring
891 3313 952 3356 beon
977 3309 1083 3356 accused

159 3386 196 3430 20.
215 3384 370 3444 Coriolanus]
392 3384 419 3430 C.
429 3383 537 3430 Marcius
547 3383 593 3428 Co·
623 3381 652 3426 ot
673 3382 765 3438 aiming
785 3387 810 3426 at
834 3380 904 3436 royul
928 3392 1015 3435 power,
1032 3389 1082 3423 was

131 3456 242 3502 nolanus
260 3457 360 3502 derived
379 3456 512 3500 thisname
527 3454 591 3499 from
623 3451 744 3505 scourged
767 3450 817 3494 and
841 3449 976 3505 beheaded,
994 3449 1020 3494 in
1040 3447 1082 3492 the

132 3526 175 3572 the
194 3530 295 3583 capture
311 3524 340 3570 of
353 3524 396 3570 the
406 3523 524 3572 Volscian
541 3524 591 3580 city
620 3533 682 3579 year
690 3522 720 3568 B.
736 3521 764 3566 0.
780 3519 832 3565 485.
