2492 3900
282 249 499 300 ALEXANDRI
521 249 642 301 MAGNI
665 250 776 302 LIBER
798 249 851 302 ΙΙΙ.
981 253 1039 314 109

87 433 156 486 tem
170 436 250 505 aqua
264 445 374 505 corpus
390 414 529 506 ereptum
545 449 611 488 esse
626 437 658 488 et
672 429 868 488 exstinctum.
916 427 1039 490 Instare

87 521 235 595 Dareum,
259 524 416 595 victorem,
438 534 603 603 antequam
629 525 758 585 vidisset
783 526 915 586 hostem.
973 526 1038 586 Sibi

89 620 214 678 easdem
236 631 342 692 terras,
357 640 432 698 quas
447 621 575 680 victoria
594 632 817 700 peragrassent,
838 621 1037 699 repetendas:
1093 612 1096 616 ⁵

89 716 194 774 omnia
208 727 260 775 aut
274 717 358 794 ipsos
380 727 433 775 aut
454 718 560 776 hostes
582 719 762 796 populatos:
784 738 838 796 per
851 727 953 777 vastas
969 718 1039 777 soli-

88 812 222 885 tudines,
238 813 357 871 etiamsi
373 835 463 873 nemo
479 814 597 893 insequi
613 815 697 887 velit,
712 823 827 886 euntes,
841 814 921 872 fame
945 823 1037 893 atque
1067 813 1085 872 5

88 895 352 984 inopia'dobellari
367 929 464 986 posse.
507 908 608 980 Quem
624 908 746 986 signum
762 909 905 967 daturum
921 908 1038 986 fugien-

88 1003 196 1062 tibus?
217 1023 309 1082 quem
331 1022 476 1063 ausurum
490 1005 670 1063 Alexandro
693 1005 878 1076 succedere?
920 1003 987 1063 Iam
1002 1015 1037 1066 ut

88 1099 129 1158 ad
151 1099 388 1179 Hellespontum
401 1101 474 1180 suga
494 1111 699 1180 penetrarent,
714 1101 850 1173 classem,
865 1111 925 1179 qua
943 1112 1038 1161 trans·

88 1206 171 1270 eant,
193 1217 283 1276 quem
305 1199 580 1276 praeparaturum?
621 1197 740 1257 Rursus
760 1197 792 1256 in
810 1197 911 1276 ipsum
932 1217 1036 1276 regem

87 1294 296 1353 misericordia
318 1306 415 1366 versa,
440 1294 526 1353 illum
549 1295 656 1354 florem
681 1295 834 1366 iuventae,
862 1294 945 1352 illam
973 1294 1036 1354 vim
1047 1290 1084 1350 10

88 1390 190 1464 animi,
209 1391 342 1450 eundem
363 1410 465 1468 regem
487 1400 519 1450 et
540 1390 790 1464 commilitonem,
804 1390 907 1449 divelli
927 1401 1037 1452 ascet

88 1487 227 1566 abrumpi
242 1487 425 1546 inmemores
440 1487 487 1546 sui
501 1488 715 1566 querebantur.
1021 1551 1023 1556 ,

128 1582 187 1642 IV.
208 1583 293 1652 Inter
306 1584 382 1642 haec
396 1582 518 1642 liberius
541 1603 644 1642 meare
666 1583 788 1661 spiritus
802 1592 962 1662 coeperat:
984 1584 1036 1644 ad·

87 1681 211 1739 levabat
222 1700 273 1738 rex
284 1681 388 1738 oculos
403 1691 443 1750 et,
455 1680 612 1758 paullatim
625 1681 774 1739 redeunte
789 1681 899 1752 animo,
911 1681 1036 1741 circum·

88 1787 207 1836 stantes
229 1778 342 1834 amicos
363 1788 539 1854 agnoverat,
555 1776 718 1854 laxataque
733 1777 779 1835 vis
797 1778 893 1835 morbi
915 1779 955 1836 ob
977 1781 1034 1838 hoc
1045 1785 1082 1844 15

88 1872 187 1931 solum
210 1872 475 1950 videbatur,quia
499 1871 743 1950 magnitudinem
772 1872 842 1930 muli
871 1873 1034 1933 sentiebat.

87 1969 194 2028 Animi
209 1980 312 2029 autem
332 1969 492 2048 aegritudo
513 1988 622 2046 corpus
646 1970 792 2047 urgebat:
814 1970 926 2048 quippe
939 1970 1035 2031 Dare·

87 2086 141 2124 um
162 2064 269 2144 quinto
290 2064 340 2124 die
361 2065 393 2123 in
415 2064 522 2124 Cilicia
544 2065 608 2123 fore
632 2064 840 2124 nuntiabatur.
883 2065 1035 2126 Vinctum

87 2180 161 2239 ergo
176 2180 208 2219 se
222 2160 303 2221 tradi
316 2171 349 2221 et
363 2170 480 2220 tantam
495 2160 656 2219 victoriam
678 2160 754 2239 eripi
768 2161 826 2220 sibi
841 2180 880 2220 ex
893 2163 1035 2222 manibus

87 2257 274 2336 obscuraque
296 2267 327 2316 et
347 2256 475 2335 ignobili
496 2265 593 2315 morte
614 2255 646 2315 in
667 2257 865 2317 tabernaculo
879 2257 1035 2337 exstingui
1044 2266 1083 2327 20

87 2372 124 2416 se,
137 2353 327 2432 querebatur.
367 2351 584 2431 Admissisque
599 2352 704 2413 amicis
720 2353 835 2432 pariter
850 2372 885 2414 aa
899 2354 1035 2430 medicis,

116 2511 138 2557 2.
153 2511 276 2570 uictorem]
308 2512 364 2568 For,
373 2512 396 2557 if
403 2512 546 2558 Alexander
604 2511 639 2556 12.
655 2511 776 2571 abrumpe]
833 2512 917 2557 ‘Tom
947 2512 1035 2568 away!

86 2580 545 2637 died,thcythoughtthatthcywould
575 2579 692 2635 Stronger
711 2581 771 2624 than
792 2578 1035 2625 ‹licelid-inmemo-

85 2652 117 2696 be
127 2650 225 2705 obliged
236 2655 262 2695 to
272 2658 355 2695 return
363 2658 388 2695 to
396 2652 460 2696 their
471 2664 545 2697 coun-
574 2649 622 2707 rea]
641 2648 783 2705 ‘Forgetiui
792 2648 797 2667 ’
806 2650 834 2693 of
841 2649 904 2694 their
911 2660 965 2693 own
975 2649 1035 2694 dan·

85 2725 124 2776 try
133 2732 161 2764 as
171 2721 317 2775 conquercd.
574 2729 639 2773 gers,
651 2719 756 2763 anxious
767 2718 805 2763 for
815 2719 856 2764 the
867 2718 946 2775 safety
957 2718 986 2763 ot
994 2719 1035 2765 the

114 2788 136 2833 6.
155 2788 268 2837 Quem-
275 2787 431 2846 supientibm]
464 2788 545 2834 ‘Who
574 2785 635 2843 king
645 2787 724 2831 aione.

84 2857 167 2901 would
179 2856 233 2901 lead
244 2857 311 2901 them
322 2858 347 2901 in
356 2858 420 2902 their
430 2857 501 2913 ssight
510 2857 534 2902 i‘
604 2856 639 2901 13.
655 2856 723 2901 luter
731 2878 761 2887 -
769 2855 887 2913 coeperat]
934 2856 977 2901 ‘In
993 2857 1035 2903 the

114 2926 133 2974 7.
150 2925 250 2984 [amat]
283 2926 408 2985 ‘Supposc
430 2927 485 2972 that
509 2928 544 2973 ni·
574 2937 646 2970 mean
664 2926 723 2970 timo
734 2925 772 2970 his
783 2925 868 2969 breath
884 2926 934 2972 had
953 2927 1034 2984 began

83 2996 176 3051 ready:
513 3053 517 3060 Ι
573 2995 863 3052 tacomemoreircely.’

112 3062 134 3108 8.
152 3064 341 3123 Hellespontum]
357 3064 429 3110 Alter
438 3066 480 3122 the
491 3067 543 3110 irat-
604 3064 638 3108 15.
654 3064 681 3109 ob
693 3064 736 3109 hoc
745 3065 832 3123 nolum]
846 3065 916 3121 They
926 3066 1035 3121 thought

83 3134 117 3178 tle
140 3134 170 3178 oi
189 3134 230 3178 the
246 3133 377 3188 Granicus,
401 3135 543 3180 Alexander
572 3132 675 3177 thatthe
692 3134 798 3179 sorceoi
812 3135 853 3179 the
872 3136 965 3181 disease
984 3136 1034 3182 had

83 3202 132 3246 had
149 3207 203 3247 sent
221 3203 284 3247 back
295 3204 335 3248 the
346 3209 442 3261 greater
452 3208 507 3260 part
517 3203 545 3248 ot
572 3203 703 3247 decreased
729 3203 798 3250 irom.
817 3204 867 3248 this
886 3217 934 3251 one
954 3206 1033 3261 thing,

81 3269 121 3313 his
131 3268 189 3313 ticet
197 3269 249 3314 into
260 3270 359 3315 Grcece.
572 3272 629 3324 viz,
639 3272 693 3316 thnt
711 3273 752 3318 the
770 3274 830 3329 king
840 3286 890 3319 was
906 3275 1034 3321 conscious

112 3338 146 3383 ll.
161 3352 240 3397 regem
250 3344 273 3383 et
286 3338 482 3399 murmilitoncm]
499 3340 542 3384 Al·
571 3340 600 3385 of
615 3343 645 3384 its
657 3341 774 3387 violence.

80 3408 177 3465 though
197 3409 228 3453 hc
245 3420 295 3453 was
316 3410 383 3467 king,
399 3410 544 3465 Alexander
602 3410 637 3454 16.
654 3410 725 3469 muli]
757 3411 824 3457 ‘The
835 3412 946 3458 disease:

80 3476 212 3522 sharedall
222 3477 475 3537 iuborsunddangers
483 3478 542 3524 with
602 3478 637 3523 19.
653 3480 758 3539 tantam]
777 3480 825 3527 ‘So
842 3482 928 3539 great:
939 3482 955 3527 i.
966 3493 988 3528 e.
1005 3492 1033 3527 as

80 3546 369 3594 theoommonsoldiers.
572 3548 763 3607 hehadhoped.
