2492 3900
150 248 208 310 188
420 249 460 301 II.
483 248 611 303 TULLII
636 248 830 302 CICERONIS

188 423 282 486 VIII.
303 424 417 485 Melius
434 425 586 487 Caecilius
607 425 647 486 de
661 445 735 486 seue
749 426 838 487 alteri
852 382 974 487 sacculo
987 425 1101 508 prospi-

148 521 249 582 ciente
263 542 355 602 quom
369 522 446 581 illud
460 522 559 582 idem:

246 646 357 715 Edep61‚
371 661 502 713 senectus,
516 630 543 703 si
551 654 588 703 nil
600 654 743 716 quidquam
755 644 828 703 cirria
839 655 887 704 viti

247 730 378 800 Adp'drtes
391 745 488 794 tecum,
502 751 563 786 cum
576 728 695 795 idaeum,
708 751 791 785 unum
803 715 830 785 id
843 743 884 785 sat
895 742 943 796 est,

120 812 138 873 5
247 819 326 881 Quod
337 807 383 868 diri
396 818 510 868 vivendo
523 806 615 877 mr'rlta,
629 832 697 880 quae
715 832 768 867 nou
781 807 844 877 vrilt,
858 818 938 867 videt.

148 964 191 1026 Et
205 965 302 1025 multa
314 966 445 1026 fortasse
466 984 544 1044 quae
558 962 645 1023 vultl
668 972 760 1043 atque
774 963 806 1023 in
822 984 859 1024 ea
872 963 1006 1043 quidem,
1019 984 1099 1045 quae

148 1082 209 1121 nou
224 1064 301 1135 vult,
312 1082 402 1141 saepe
417 1061 511 1122 etiam
526 1060 735 1120 adulescentia
749 1060 886 1121 incurrit.
926 1060 1010 1121 Illud
1024 1082 1099 1123 vcro

147 1158 231 1219 idem
247 1160 398 1220 Caecilius
412 1157 573 1218 vitiosius:

245 1286 315 1336 'I'um
315 1286 467 1369 equidem'
460 1301 487 1335 m
499 1293 605 1335 senecta
618 1286 669 1336 hoc
681 1275 778 1349 de'puto
790 1278 976 1348 miserrimum,

99 1371 138 1432 10
247 1343 351 1421 Seutire
360 1379 393 1419 ea
406 1374 492 1418 aetate
505 1360 563 1418 esse
575 1383 604 1419 se
616 1369 737 1418 odiosum
749 1360 834 1419 alteri.

146 1486 196 1547 26.
218 1484 393 1545 Iucundum
408 1482 614 1562 potiusquam
626 1482 778 1544 odiosum.
820 1482 869 1546 Ut
883 1484 965 1545 enim
979 1484 1099 1546 adules-

147 1581 287 1641 centibus
301 1581 382 1641 boua
395 1579 498 1638 indole
513 1580 661 1659 praeditis
673 1581 827 1661 sapientes
841 1602 931 1642 senes
946 1582 1099 1644 delectari·
1166 1660 1172 1668 .

146 1686 198 1738 tur
212 1677 369 1756 leviorque
383 1676 420 1736 fit
434 1686 576 1736 senectus
591 1696 706 1751 eorum,
720 1678 773 1758 qui
788 1698 806 1738 a
820 1679 982 1739 iuventute
995 1680 1099 1741 colun·

146 1784 198 1835 tur
225 1783 257 1833 et
284 1772 464 1851 diliguntur,
486 1771 529 1832 sic
553 1772 768 1834 adulescentes
795 1794 903 1835 senum
927 1778 1099 1857 praeceptis

98 1872 293 1955 15gaudent,
318 1870 428 1951 quibus
457 1869 498 1930 ad
525 1870 678 1931 virtutum
705 1871 811 1932 studia
838 1872 1012 1948 ducuntur3
1041 1894 1099 1935 nec

146 1970 247 2031 minus
260 1968 408 2048 intellego
422 1988 473 2028 me
488 1968 576 2029 vobis
590 1988 684 2048 quam
699 1968 774 2028 mihi
788 1989 843 2029 vos
859 1989 924 2030 esse
938 1969 1098 2032 iucundos.

147 2067 211 2128 Sed
224 2064 338 2125 videtis
353 2075 389 2125 ut
403 2074 544 2126 senectus
558 2085 620 2124 non
636 2065 729 2125 modo
743 2065 891 2145 languida
905 2076 999 2146 atqua
1013 2067 1097 2128 inem

145 2185 208 2226 nou
223 2164 272 2239 sit,
293 2182 401 2224 verum
426 2161 521 2223 etiam
543 2162 585 2224 sit
605 2179 734 2243 operosa
748 2173 780 2224 et
796 2183 917 2243 semper
936 2182 1030 2244 agens
1044 2165 1097 2225 ali·

176 2325 197 2371 1.
213 2323 300 2370 Melius
323 2321 453 2382 Camillus]
483 2320 536 2368 The
551 2321 608 2368 ldea
636 2321 763 2379 terjectlon
787 2337 799 2369 c
823 2323 943 2380 prefixed,
975 2324 1025 2371 and
1053 2324 1096 2372 tlre

145 2395 175 2451 ls,
196 2394 295 2440 ‘Bettcr
314 2393 335 2438 is
357 2392 399 2439 the
424 2391 557 2438 sentiment
581 2390 611 2436 ol
637 2392 717 2438 whole
741 2391 884 2448 sigulfum,
905 2392 940 2438 ‘0
965 2393 1015 2449 god
1039 2392 1096 2440 Pol-

145 2464 266 2512 caecilius
276 2463 302 2509 in
312 2462 400 2524 segurd
411 2465 437 2506 to
446 2473 479 2507 an
489 2459 531 2506 old
548 2471 607 2505 man
637 2461 696 2506 lux!
705 2460 807 2521 '-citi]
838 2461 889 2507 For
897 2462 961 2508 vitii.

145 2533 276 2594 providing
291 2533 330 2579 for
345 2531 450 2578 another
464 2529 607 2588 generatiou
664 2527 688 2574 ὅ.
703 2527 760 2588 ocu]
791 2530 831 2575 An
842 2529 885 2576 old
900 2530 964 2585 forro
982 2532 1021 2577 sor
1036 2532 1095 2578 unit.
1117 2592 1119 2597 Ι

146 2605 185 2661 (as
195 2601 329 2660 expressed
343 2601 369 2646 in
380 2601 422 2645 vii.
437 2599 486 2656 24),
503 2599 562 2644 than
580 2598 606 2644 lu
634 2596 743 2656 -cidct1
773 2597 826 2643 The
836 2599 931 2656 suidect
946 2601 965 2645 is
980 2612 1049 2647 some
1058 2601 1095 2647 in-

119 2674 187 2719 .tha
205 2673 332 2728 following
355 2682 456 2730 passage
477 2669 542 2714 from
562 2667 605 2714 the
634 2666 864 2724 concrepamus,
875 2669 1009 2729 asadquia.

146 2754 213 2788 same
238 2740 342 2788 author?
388 2739 508 2786 Caecilius
531 2739 561 2796 ls,
580 2737 610 2785 os
663 2738 686 2784 6.
702 2735 901 2800 maliasortame]
931 2738 1052 2786 Sevidet.

145 2823 240 2866 course,
252 2811 351 2856 Statius.
605 2825 608 2828 ·
664 2807 687 2854 9.
702 2806 757 2866 noe]
789 2806 875 2853 Points
893 2807 950 2853 with
973 2809 1095 2866 emphasis

174 2879 196 2925 2.
211 2879 285 2938 idem]
316 2877 504 2924 i.e.Caecllius.
634 2875 813 2930 rosecium,
831 2875 1019 2943 ete-dcputo]
1065 2876 1095 2923 In

174 2949 196 2994 3.
213 2947 314 3007 Edepol]
353 2947 413 2992 'l'his
431 2945 604 3001 exclamailon,
634 2945 677 2990 the
687 2956 757 2990 sense
768 2943 923 2989 oi‘esteem’
938 2956 967 2990 or
984 2945 1095 2990 ‘cousid-

145 3031 174 3064 or
184 3020 214 3062 its
225 3016 357 3064 shorteued
367 3017 439 3070 form,
450 3015 505 3071 Pol,
519 3027 605 3060 occurs
635 3013 678 3069 er,'
695 3016 716 3059 is
726 3013 913 3060 ante-classiani.

145 3087 285 3144 frequently
311 3087 336 3131 in
362 3085 458 3130 Ennius
488 3084 537 3130 and
562 3084 605 3130 the
664 3083 699 3129 18.
715 3097 789 3143 npetu
818 3083 913 3141 aliquid
935 3087 959 3129 et
982 3082 1092 3142 moliens]

145 3156 223 3202 comio
240 3161 317 3212 poets,
334 3153 387 3198 also
404 3153 605 3208 occasionallyin
634 3152 687 3198 'l'he
712 3153 843 3199 differcnes
868 3153 894 3199 in
918 3153 1035 3209 meaning
1053 3154 1093 3199 be·

145 3225 305 3278 Horace‚but
320 3223 519 3279 neverinprose.
551 3221 604 3267 The
633 3226 713 3268 tween
728 3222 770 3267 the
788 3223 871 3268 verbal
884 3223 962 3268 forms
975 3223 1094 3282 aqaiand

145 3295 194 3342 Pol
202 3295 223 3338 is
234 3305 266 3338 uu
275 3291 432 3338 abbrevIated
447 3292 509 3336 sonu
519 3290 549 3336 of
561 3290 603 3337 thc
632 3290 753 3344 moliatur,
772 3289 820 3336 and
832 3291 874 3336 the
884 3292 1024 3348 participles
1034 3291 1093 3337 with

143 3363 254 3410 vocative
270 3361 299 3406 of
312 3361 408 3408 Potina.
438 3359 490 3405 The
506 3359 568 3405 Ede-
582 3360 603 3404 is
633 3359 673 3411 sii,
684 3359 712 3412 is,
723 3358 777 3403 that
791 3358 834 3403 the
854 3357 946 3404 sornier
961 3360 1039 3416 imply
1050 3360 1094 3405 but

144 3431 267 3490 supposed
276 3431 310 3486 by
321 3429 425 3475 Corssen
440 3432 466 3473 to
476 3430 602 3484 represent
632 3426 736 3481 asiugle
751 3431 799 3481 act,
820 3427 893 3472 while
909 3428 952 3473 tha
969 3429 1040 3474 latter
1049 3439 1092 3474 ex·

143 3501 186 3549 the
196 3500 305 3546 vocative
316 3495 345 3543 of
356 3495 421 3552 deus,
432 3494 492 3541 with
506 3495 549 3542 the
564 3495 601 3541 in·
629 3495 1064 3552 pressapermanenteharacteristic.
