2492 3900
154 193 214 255 280
344 236 347 244 .
386 240 389 247 ,
422 189 467 241 Μ.
493 188 618 241 TULLII
641 186 836 241 CICERONIS

153 365 286 429 hominis
300 363 427 427 omnino
440 364 632 445 adspiciendi
646 373 832 445 potestatem
843 365 983 445 eriperet.
1024 366 1112 439 Quis

153 474 217 525 tam
230 471 312 525 esset
322 463 446 536 ferreus,
457 463 508 541 qui
522 482 589 521 eam
602 463 699 521 vitam
707 462 785 521 ferre
796 473 909 541 posset,
921 463 1030 543 cuique
1042 484 1112 524 non

154 560 287 621 auferret
314 558 450 621 fructum
476 558 674 637 voluptatum
698 558 836 618 omnium
857 560 1017 620 solitudo?
1057 562 1112 621 88.

153 654 274 729 Verum
295 674 370 733 ergo
390 653 466 714 illud
488 653 650 733 estquod
673 672 692 714 a
714 653 885 716 Tarentino
908 657 1056 736 Archyta,
1072 668 1113 718 ut

125 750 272 831 dopiuor,
286 750 346 810 dici
361 750 486 809 solitum
502 759 623 811 nostros
638 770 728 811 senes
749 770 987 813 commemorare
1002 753 1113 813 audivi

155 848 195 909 ab
209 846 274 907 aliis
289 846 412 907 senibus
424 845 581 905 auditum:
603 846 655 907 “si
669 846 738 926 quis
751 846 782 905 in
799 841 917 907 caelum
931 849 1109 919 adscendis-

155 954 204 1007 set
218 952 424 1023 naturamque
439 942 548 1001 mundi
563 951 596 1002 et
609 942 871 1022 pulchritudinem
885 944 1019 1003 siderum
1039 964 1112 1024 per-

155 1041 316 1121 spexisset,
338 1040 499 1099 insuavem
519 1039 604 1099 illum
626 1039 859 1099 admirationem
881 1041 909 1099 ei
923 1042 1006 1101 fore:
1028 1062 1111 1120 quae

154 1138 376 1199 iucundissima
396 1137 513 1211 diisset,
528 1138 555 1197 si
569 1137 701 1216 aliquem
722 1136 772 1197 cui
786 1148 922 1199 narraret
942 1138 1111 1199 habuisset.

107 1244 146 1306 10
157 1236 209 1299 Sic
222 1245 334 1296 natura
351 1234 523 1295 solitarium
538 1234 614 1294 nibil
636 1243 719 1293 amat
737 1253 915 1314 semperque
930 1236 969 1295 ad
984 1235 1111 1314 aliquod

155 1342 315 1413 tamquam
330 1331 551 1391 adminiculum
573 1330 744 1406 adnititur3
766 1331 850 1411 quod
871 1331 903 1391 in
925 1332 1111 1392 amicissimo

156 1450 279 1511 quoque
294 1428 505 1493 dulcissimum
520 1436 581 1491 est.
578 1435 596 1461 ”

196 1525 322 1586 XXIV.
364 1525 426 1585 Sed
442 1546 511 1585 cum
526 1532 575 1585 tot
595 1522 692 1603 signis
714 1523 823 1584 eadem
843 1534 953 1584 natura
973 1525 1111 1585 declaret

158 1624 231 1703 quid
254 1622 338 1695 velit,
362 1621 513 1701 anquirat,
546 1621 710 1694 desideret,
740 1631 843 1681 tamen
865 1622 1112 1691 obsurdescimus

110 1722 148 1783 15
159 1719 261 1780 neseio
273 1739 334 1799 quo
350 1719 442 1777 modo
458 1739 514 1781 uec
529 1738 574 1791 ea,
589 1737 667 1798 quae
683 1718 722 1777 ab
731 1729 768 1778 ea
776 1738 943 1793 monemur,
958 1719 1111 1781 audimus.

157 1816 218 1877 Est
231 1816 314 1875 enim
329 1816 431 1876 varius
447 1825 479 1875 et
494 1815 657 1895 multiplex
676 1835 749 1875 usus
770 1815 921 1876 amicitiae
935 1816 1110 1895 multaeque

159 1932 268 1974 causae
290 1912 501 1993 suspicionum
522 1912 788 1993 offensionumque
809 1913 931 1987 dantur,
945 1932 1021 1992 quas
1042 1914 1109 1972 tum

160 2011 285 2085 evitare,
306 2021 373 2072 tum
388 2012 517 2086 elevare,
532 2020 600 2072 tum
613 2012 692 2072 ferre
707 2010 854 2090 sapientis
869 2020 925 2071 est
968 2009 1042 2072 Una
1057 2010 1111 2070 illa

111 2157 116 2168 .
160 2108 350 2169 sublevanda
375 2109 504 2170 offensio
526 2118 582 2183 est,
604 2118 640 2169 ut
664 2117 697 2168 et
721 2109 838 2170 utilitas
861 2110 893 2168 in
917 2107 1051 2167 amicitia
1077 2117 1110 2168 et

111 2207 151 2268 20
159 2205 237 2267 fides
252 2206 440 2281 retineatur;
462 2226 534 2266 uam
553 2217 585 2266 et
607 2205 754 2266 monendi
775 2205 865 2265 amici
884 2224 978 2284 saepe
991 2215 1064 2264 sunt
1077 2216 1109 2265 et

160 2301 345 2381 obiurgandi
369 2312 402 2362 et
426 2303 502 2361 haee
526 2300 706 2380 accipienda
733 2300 839 2374 amice,
863 2291 934 2360 cum
960 2299 1109 2359 benevole

160 2397 248 2458 fiunt.
289 2400 336 2459 89.
358 2397 421 2459 Sed
444 2397 549 2458 neseio
575 2417 637 2476 quo
661 2396 755 2455 modo
777 2416 884 2457 verum
903 2405 953 2457 est
973 2395 1057 2477 quod
1077 2395 1109 2455 in

160 2493 283 2553 Andria
295 2492 451 2552 familiaris
465 2511 552 2552 meus
573 2491 650 2551 dicit
660 2509 717 2550 :-

285 2632 288 2641 ·
351 2615 634 2684 obsequiumamicoa
647 2607 744 2670 ventu
757 2611 935 2684 oditmparit.

189 2764 213 2810 4.
228 2763 348 2825 Ανοήᾷιᾶ]
398 2765 422 2810 A
446 2763 622 2822 Pythagorean
651 2775 668 2808 a
687 2763 785 2809 Roman
805 2766 912 2808 senator.
950 2761 990 2818 By
1009 2761 1062 2807 him
1079 2760 1109 2808 hc
1175 2801 1180 2808 .

161 2832 328 2892 philosopher,
344 2834 399 2879 who
410 2834 477 2879 lived
493 2831 623 2878 about400
652 2845 702 2878 was
713 2833 768 2879 well
779 2833 882 2889 treated,
898 2833 1050 2888 receivinga
1066 2831 1108 2875 lib-

162 2901 191 2947 B.
203 2903 230 2948 O.
653 2904 704 2947 eral
715 2902 861 2954 edueati0n3
876 2901 926 2946 and
942 2901 1017 2957 being
1026 2900 1110 2955 finally

192 2971 227 3015 16.
242 2969 310 3031 aeus]
342 2971 408 3018 ‘The
420 2971 586 3017 intercourse'
653 2972 825 3026 manumitted,
836 2971 868 3016 he
878 2971 939 3015 took
952 2969 994 3014 the
1004 2980 1076 3013 namc
1085 2966 1113 3011 of

192 3038 227 3086 17.
243 3038 343 3098 dantur]
390 3040 514 3086 ‘Present
545 3040 624 3086 them·
655 3039 759 3084 Publius
774 3041 910 3085 Terentius.
941 3039 981 3084 He
997 3037 1063 3083 lived
1078 3048 1110 3081 on

162 3106 259 3152 selves’
652 3113 728 3154 tarms
744 3110 774 3154 of
786 3110 897 3155 intimate
908 3108 1045 3164 friendship
1054 3106 1111 3151 with

191 3173 378 3235 23.familiarr's
389 3177 465 3237 meua]
488 3179 528 3223 He
539 3190 623 3224 means
653 3178 752 3224 Laelius
772 3178 821 3224 und
846 3179 935 3235 Scipio.
975 3177 1027 3224 The
1055 3176 1110 3232 play

162 3243 191 3289 P.
208 3242 338 3289 Terentius
354 3246 422 3301 Afer,
440 3259 455 3290 a
470 3249 548 3291 comio
558 3251 623 3302 poet,
653 3247 711 3291 herc
726 3246 835 3292 referred
848 3247 923 3292 to-‘
933 3246 987 3292 The
1001 3244 1111 3290 Andrian

162 3313 218 3356 who
228 3323 278 3356 was
293 3313 393 3358 bornat
408 3314 538 3372 Carthago,
554 3315 584 3360 B.
595 3315 623 3360 G.
653 3314 869 3360 Woman’-was
892 3314 934 3360 the
958 3314 1012 3359 first
1026 3313 1055 3359 ol
1075 3313 1111 3357 bis

164 3380 213 3424 193.
258 3381 360 3438 Having
381 3383 442 3430 been
467 3383 576 3440 brought
599 3389 624 3428 to
654 3382 1046 3429 comedicscxhibitedatRome.
1062 3381 1111 3428 Tha

161 3448 243 3494 Rome
260 3461 288 3495 as
306 3451 412 3506 aelate,
423 3451 455 3496 he
474 3451 573 3497 became
584 3452 627 3499 the
656 3452 706 3497 line
721 3453 779 3497 here
794 3452 886 3508 quoted
901 3452 922 3496 is
937 3452 1015 3497 found
1030 3453 1056 3497 in
1073 3452 1111 3498 tus
1206 3503 1210 3508 ,
1245 3446 1246 3455 ’

162 3521 280 3576 property
290 3519 320 3585 ol
326 3519 354 3585 1)τ
362 3518 491 3587 Terentius
501 3519 627 3592 hupertus,
657 3520 753 3585 Andria
764 3520 794 3585 cf
805 3521 921 3574 'sereneo
931 3520 948 3565 i.
961 3521 982 3577 l,
991 3521 1029 3567 41.
