2492 3900
170 237 229 302 150
379 238 412 304 Q.
438 238 565 292 cuam
586 239 677 292 RUFI
700 240 751 291 DE
774 238 906 295 cusum

168 416 279 478 altiora
302 417 335 478 in
359 418 455 478 artius
479 425 600 492 coeunt,
622 437 744 479 summa
767 418 798 478 in
824 427 950 479 acutum
975 437 1123 482 cacumen

141 545 145 552 ·
168 523 347 594 exsurgunt.
387 513 523 574 Radices
538 514 604 574 eius
619 513 718 574 Indus
738 514 837 574 amnis
853 515 944 588 subit,
957 517 1123 601 praealtus,

167 611 322 690 utrimque
333 611 448 690 asperis
462 611 553 690 ripis:
575 611 613 671 ab
636 612 732 671 altera
746 621 834 690 parte
848 612 1011 691 voragines
1026 613 1122 674 eluvi-

167 724 260 786 esque
275 715 457 785 praeruptae
479 715 559 766 sunt.
600 705 670 765 Nec
693 706 751 766 alia
772 706 972 785 expugnandi
993 708 1121 786 patebat

138 801 226 876 bvia,
240 821 334 881 quam
348 813 383 862 ut
397 803 596 881 replerentur.
638 802 690 861 Ad
706 821 832 861 manum
847 803 925 862 silva
940 813 1012 878 erat,
1027 823 1120 883 quam

165 918 220 959 rex
234 899 280 958 ita
293 900 381 959 caedi
401 899 498 973 iussit,
512 910 547 958 ut
562 898 637 958 nudi
656 898 777 978 stipites
793 899 982 959 iacerentur:
1005 899 1117 980 quippe

164 996 242 1056 rami
257 997 364 1056 fronde
379 995 484 1056 vestiti
512 996 703 1075 inpedissent
723 996 865 1055 ferentes.
909 996 979 1074 lpse
1003 997 1118 1075 primus

166 1103 306 1154 truncam
340 1094 481 1154 arborem
516 1093 596 1167 iecit,
624 1093 799 1172 clamorque
835 1093 996 1167 eremitas,
1023 1093 1117 1152 index

165 1191 340 1265 alacritatis,
354 1201 479 1251 secutus
500 1200 556 1264 est,
571 1190 657 1249 nullo
678 1189 871 1249 detrectante
897 1209 1017 1264 munus,
1032 1189 1115 1268 quod

116 1296 154 1357 10
164 1309 220 1348 rex
236 1288 457 1369 occupavisset
499 1286 587 1347 Intra
610 1286 776 1366 septimum
798 1285 880 1345 diem
902 1306 1048 1346 cavernas
1068 1306 1117 1346 ex·

141 1386 332 1466 pleveraut,
356 1405 425 1445 cum
449 1404 505 1443 rex
528 1383 704 1462 sagittarios
727 1393 759 1443 et
778 1382 934 1462 Agrianos
955 1383 1041 1443 iubet
1061 1403 1116 1462 per

163 1482 260 1541 ardua
280 1481 356 1542 uiti:
378 1481 565 1559 iuvenesque
585 1479 832 1559 promptissimos
853 1499 891 1538 ex
912 1490 969 1539 sua
988 1480 1114 1540 cohorte

162 1579 291 1658 triginta
306 1578 431 1658 delegit.
471 1577 577 1637 Duces
596 1577 645 1637 his
666 1576 732 1636 dati
753 1587 826 1637 sunt
841 1576 959 1637 Charus
974 1587 1006 1638 et
1020 1577 1115 1638 Alex-

163 1676 267 1749 ander,
281 1695 373 1754 quem
386 1695 442 1734 rex
462 1673 605 1748 nominis,
626 1672 710 1753 quod
724 1673 783 1733 sibi
796 1693 867 1733 cum
889 1692 927 1733 eo
951 1693 1113 1735 commune

115 1783 153 1844 15
163 1780 252 1842 esset,
267 1771 436 1830 admonuit.

201 1859 327 1926 XXVI.
347 1867 397 1927 Ac
421 1867 528 1946 primo,
543 1866 615 1946 quia
635 1875 701 1927 tanr
722 1865 920 1926 manifestum
942 1867 1112 1946 periculum

161 1972 236 2035 erat,
251 1962 349 2041 ipsum
375 1983 479 2043 regem
505 1962 667 2022 discrimen
693 1962 794 2021 subire
819 1982 881 2021 uon
902 1963 1035 2041 placuit:
1056 1963 1112 2024 sed

94 2120 101 2129 ,
160 2068 198 2118 ut
211 2059 333 2138 signum
347 2060 422 2119 tuba
443 2060 550 2142 datum
566 2070 622 2131 est,
635 2059 683 2118 vir
696 2058 843 2118 audaciae
865 2070 1026 2139 promptae
1041 2080 1112 2120 con·

161 2175 267 2216 versus
288 2156 328 2216 ad
350 2156 484 2235 corporis
504 2156 650 2216 custodes
665 2156 752 2234 sequi
773 2174 805 2215 se
830 2155 916 2215 iubet
935 2157 1110 2237 primusque

110 2266 150 2327 20
160 2254 280 2314 invadit
293 2254 325 2314 in
339 2273 456 2333 rupem.
496 2252 566 2313 Nec
587 2253 699 2312 deinde
722 2253 883 2332 quisquam
904 2252 1111 2313 Macedonum

159 2352 308 2425 substitit,
342 2350 518 2429 relictisque
550 2349 736 2410 stationibus
772 2360 828 2409 sua
862 2359 972 2428 sponte
1006 2370 1110 2431 regem

158 2449 375 2529 sequebantur.
415 2447 587 2507 Multorum
603 2446 786 2506 miserabilis
799 2446 857 2505 fuit
869 2465 965 2520 casus,
979 2466 1055 2526 quos
1071 2467 1110 2507 ex

157 2555 321 2625 praerupta
333 2564 409 2624 rupe
423 2545 525 2623 lapsos
541 2543 639 2603 amnis
654 2542 873 2623 praeseminans
896 2542 1007 2617 hausit,
1022 2544 1109 2603 triste

157 2643 364 2722 spectaculum
376 2641 469 2701 etiam
484 2661 545 2701 non
559 2640 822 2721 periclitantibus:
837 2659 910 2699 cum
921 2659 995 2700 vero
1009 2640 1109 2701 alieno

28 2765 38 2784 ·
108 2757 148 2817 25
157 2740 262 2813 exitio,
289 2739 365 2819 quid
391 2738 464 2817 ipsis
492 2738 666 2798 timendum
691 2738 781 2810 foret,
806 2737 1052 2810 admonerentur,
1076 2737 1108 2795 in

156 2846 274 2895 metum
297 2834 504 2895 misericordia
518 2844 614 2907 versa,
628 2853 690 2893 non
705 2832 882 2906 exstinctos,
896 2832 950 2891 sed
966 2831 1108 2912 semctip-

156 2952 206 2992 sos
220 2932 385 2992 deflebant.
425 2930 552 2994 Etiam
576 2950 613 2991 eo
638 2940 823 3011 perventum
844 2939 918 3002 erat,
940 2930 1022 2989 unde
1044 2930 1108 2990 eine

185 3089 207 3135 1.
221 3088 438 3149 inartluecoe'uot]
465 3088 613 3145 ‘Continet’
643 3088 1024 3149 precipuas-perarduania]
1057 3088 1108 3135 ‘To

69 3192 73 3197 .
157 3158 398 3204 'becomesmallen’
644 3144 913 3215 asce'ndthcncighrs!

183 3225 205 3272 2.
220 3227 293 3286 aaut]
325 3227 462 3274 ‘Washes'
673 3228 712 3273 20.
725 3227 830 3286 lassauit]
865 3228 961 3275 ‘Scalas
969 3228 1011 3275 the
1022 3228 1098 3275 rock.’

183 3296 205 3343 3.
220 3296 343 3357 serapiaca
360 3298 616 3355 eluviesqroepraemp-
674 3296 711 3341 24.
727 3311 776 3343 non
798 3296 1001 3357 periclitantibus]
1057 3298 1108 3344 ‘To

154 3366 204 3425 tae]
236 3366 356 3411 ‘chasma
366 3367 416 3411 and
426 3365 540 3411 ravines!
646 3365 730 3411 those’
746 3367 803 3412 who
820 3378 885 3412 were
903 3376 946 3413 not
962 3369 1073 3425 exposed
1083 3372 1108 3414 tc

184 3432 369 3493 ll.119ri‹'moe]
398 3433 616 3479 Paeonianmouu·
647 3434 740 3488 danger
759 3433 1036 3482 themselves-alieno
1059 3436 1107 3482 eai-

155 3503 270 3559 taineers,
299 3501 442 3546 habituated
471 3503 498 3545 to
522 3500 617 3557 scallng
645 3499 689 3558 tio]
722 3500 1085 3557 ‘Byancther'sdcstructiom’
