2492 3900
236 244 333 322 caro
357 270 489 332 neren,
505 270 601 329 srvu
617 272 676 334 de
690 270 929 338 serenorum..
996 272 1054 340 193

102 442 205 506 adhuc
219 430 384 509 convenire
394 466 449 507 me
462 446 578 521 noluit,
594 446 772 520 euiruemn
784 455 967 527 occupatus
1004 449 1055 521 st

102 542 215 602 minus·
229 542 329 603 habco
349 542 576 622 viriumquam
597 554 736 603 vestrum
750 544 892 609 utervis!
924 547 981 614 33.
996 545 1054 623 Ns

102 657 158 698 vos
181 639 308 718 quidem
329 638 366 699 T.
389 640 494 699 Pontii
516 640 703 710 centurionis
714 641 795 702 vires
819 641 958 717 habers,
974 664 1054 712 num

100 733 215 796 idcireo
231 746 279 796 est
292 736 344 796 ilie
359 736 590 815 praestantior?
631 735 808 809 Moderatio
828 739 921 800 modo
942 739 1054 806 virium

100 828 192 904 adsit,
206 839 384 905 etdantum,
400 843 550 911 quantum
564 840 669 910 potest
683 832 822 913 quisque,
836 832 973 908 nitatnr3
995 854 1053 894 nae
1073 844 1102 922 ς5

99 922 357 1007 ille-nonmagno
379 925 533 987 desiderio
558 926 715 988 tenebitur
728 927 849 987 virium.
889 927 1053 1007 Olympiae

100 1022 305 1098 per.stadium
326 1022 483 1103 ingressus
505 1042 571 1083 esse
593 1022 671 1083 Milo
687 1023 814 1097 dieitur,
828 1043 898 1083 oum
918 1024 1054 1101 humeris

100 1117 268 1181 sustineret
290 1119 403 1179 bovem
426 1119 542 1179 vivum.
584 1119 701 1184 Utrum
723 1118 819 1197 igitur
831 1120 894 1190 ,has
918 1120 1054 1199 corporis

101 1232 141 1277 an
156 1213 351 1295 Bythagorae
366 1216 424 1283 tibi
445 1216 532 1286 malis
547 1216 630 1285 ,vires
643 1216 760 1295 ingenii
770 1216 870 1291 darii
909 1216 1068 1296 Denique

100 1309 162 1370 isto
176 1311 258 1371 beno
270 1322 365 1387 utare,
381 1313 455 1377 dum
466 1312 566 1387 adsit3
581 1332 652 1373 oum
664 1312 754 1387 absit,
764 1332 804 1372 ne
818 1313 973 1397 requiras,
994 1314 1101 1397 nisi,19

94 1406 180 1467 «forte
201 1408 414 1472 adulescentes
435 1409 607 1489 pueritiam,
622 1409 761 1489 paullum
775 1420 885 1483 >aetate
900 1410 1054 1491 progressi

99 1503 341 1570 adulescentiam
376 1506 492 1567 debent
527 1506 692 1585 requirere.
754 1505 872 1576 Cursus
909 1516 957 1581 est
981 1526 1053 1575 ,cet-

99 1607 151 1659 tus
173 1601 283 1661 aetatis
304 1611 336 1663 et
357 1621 419 1670 una
439 1601 490 1661 via
511 1612 640 1671 naturae
653 1601 913 1681 -eaqnesimplex
938 1621 1052 1683 suaque

98 1699 210 1778 cuique
219 1700 304 1778 parti
326 1700 438 1762 aetatis
461 1699 690 1781 tempestivitas
713 1708 760 1772 est
781 1700 864 1774 data,
878 1710 914 1761 ut
928 1710 959 1761 et
973 1702 1069 1764 infir--

94 1796 191 1855 mites
214 1816 378 1875 puerorum
399 1807 431 1858 et
451 1797 594 1859 ferocitas
616 1796 762 1857 iuvenum
783 1805 817 1857 et
837 1797 973 1877 gravitas
990 1797 1101 1875 iam-lb

100 1894 271 1957 constantis
286 1894 396 1958 aetatis
409 1904 441 1956 et
455 1893 799 1965 senectutisfmatnritas
814 1895 953 1956 naturale
968 1895 1053 1975 qnid·

99 1990 172 2050 dam
200 1992 322 2066 habeat,
343 1992 427 2072 quod
455 2013 510 2055 suo
534 2002 675 2072 tempore
699 1990 814 2071 percipi
842 1991 963 2057 debeat.
1003 1994 1052 2070 34.

99 2087 219 2148 Audire
228 2097 265 2149 te
281 2089 420 2163 arbitror,
436 2088 548 2168 Scipio,
562 2088 676 2167 hospes
691 2097 764 2151 tuus
775 2088 876 2150 avitus
889 2087 1052 2164 Masinissa

100 2204 178 2263 quae
193 2184 285 2246 faciat
300 2185 400 2259 hodie,
416 2185 584 2264 nonaginta
605 2193 698 2244 natus
719 2203 835 2259 annos3
857 2205 925 2244 eum
940 2186 1052 2266 ingres

87 2300 151 2352 ‚sus
166 2281 369 2368 iter-pedibus
384 2282 434 2356 sit,
448 2282 479 2342 iu
496 2301 609 2361 equum
624 2280 752 2342 omuino
766 2302 828 2341 nou
845 2282 1031 2342 adscendere
1042 2303 1050 2358 ;
1060 2302 1100 2362 20

91 2397 170 2446 soum
185 2397 272 2456 equo,
293 2397 331 2452 ex
347 2398 425 2458 equo
441 2398 503 2438 uon
518 2377 726 2452 descendere;
747 2379 831 2437 nullo
847 2379 952 2452 imbre,
965 2381 1051 2447 nullo

88 2474 211 2554 ⁴'frigore
226 2475 347 2550 adduci,
363 2485 397 2536 ut
414 2475 514 2556 capite
529 2483 638 2555 operto
649 2476 706 2549 sit3
721 2494 872 2537 summam
885 2495 953 2535 esse
965 2475 997 2549 in
1013 2495 1051 2552 ep

128 2638 150 2684 l.
165 2639 214 2698 oro]
232 2639 320 2686 Dntive
331 2640 361 2686 oi
373 2639 557 2696 disadvantcge.
617 2639 640 2684 9.
655 2637 739 2697 malis]
769 2637 832 2683 Like
846 2637 935 2693 cedem,
945 2637 970 2682 in
988 2649 1051 2694 prae

117 2705 149 2751 ’3.
164 2707 194 2752 Τ.
206 2707 404 2767 Persii-eires]
448 2708 561 2765 Nothing
580 2707 641 2764 ÷192,
649 2707 697 2754 iine
706 2707 730 2763 8,
741 2709 762 2754 is
770 2707 848 2763 really
856 2707 899 2752 the
907 2706 1051 2757 conclusion

97 2775 118 2819 is
137 2776 228 2820 known
246 2776 276 2821 oi
289 2777 400 2822 Pontius.
433 2776 559 2833 Probably
589 2775 1049 2833 orasuppressedoondisonnielause‚

89 2843 162 2889 'Coto
170 2845 219 2890 had
230 2845 255 2890 in
266 2845 329 2890 view
339 2847 380 2891 the
391 2847 467 2903 primo
478 2848 558 2904 requi·
588 2847 670 2892 which
680 2858 740 2902 may
753 2845 974 2902 herebesupplied
985 2845 1052 2902 nysi
1141 2849 1148 2862 ‘

98 2914 143 2959 site
154 2914 184 2959 oi
191 2914 252 2959 such
263 2915 365 2971 officere,
380 2916 558 2962 assiterwnrds
587 2915 630 2974 qui
646 2916 704 2961 dero
723 2915 764 2961 det
782 2915 911 2973 optinum,
933 2927 962 2961 or
981 2926 1051 2965 some

96 2984 169 3040 given
181 2985 214 3040 by
225 2984 353 3040 vegetius,
371 2986 438 3030 ‘that
450 2986 559 3032 homost
588 2985 650 3030 such
668 2985 766 3042 phrase.
802 2984 855 3030 The
876 2989 1051 3041 presenttenso

98 3053 128 3098 be
139 3053 168 3098 oi
182 3059 250 3109 great
265 3055 376 3112 strength
390 3055 440 3100 and
455 3057 558 3102 exceed·
588 3065 718 3108 expresses
729 3065 745 3096 n
755 3053 878 3109 supposed
888 3058 1050 3109 preseutpos·

98 3119 166 3176 ingiy
182 3120 242 3166 tali!
512 3117 517 3126 '
588 3124 689 3180 sibiiity,
705 3124 788 3169 whilst
805 3125 847 3169 the
865 3123 992 3180 imperfect
1006 3137 1050 3170 ex·

126 3190 148 3233 4.
164 3189 265 3249 idcirco]
296 3191 385 3238 Reiers
400 3199 426 3237 to
447 3193 487 3238 the
505 3204 559 3249 pre-
588 3204 684 3249 presses
694 3193 859 3249 spossibiiity
870 3204 926 3237 now
934 3194 996 3249 post

98 3259 186 3315 reding
197 3264 317 3306 sentence.
325 3283 355 3294 -
363 3261 509 3321 Moderatio]
521 3264 559 3307 ‘A
619 3261 655 3313 10,
670 3265 741 3306 utare
751 3283 780 3293 -
794 3259 915 3319 requiras]
960 3261 1051 3308 Horta·

98 3327 156 3371 wise
172 3327 232 3372 use!
589 3333 646 3386 tor-y
657 3330 833 3386 subjunctives.

127 3395 148 3444 7.
167 3395 235 3456 Milo]
260 3397 322 3443 Milo
332 3411 382 3444 was
398 3411 413 3444 a
428 3400 510 3444 notive
525 3399 554 3444 of
619 3398 654 3444 15.
663 3397 796 3460 feromiae]
827 3397 1051 3455 ‘impninvenesa’

97 3463 140 3508 the
156 3475 222 3510 same
233 3469 299 3510 town
308 3469 331 3510 in
340 3468 421 3512 which
433 3466 559 3524 Pythago·
618 3468 653 3513 19.
669 3466 942 3527 nonaqinto-onnos]
988 3467 1050 3512 ‘ai-

98 3545 138 3578 ras
150 3534 199 3580 had
210 3534 248 3580 his
259 3536 343 3581 school
354 3537 383 3581 of
394 3537 551 3594 philosophy.
588 3537 685 3594 though
696 3538 729 3584 he
741 3549 790 3583 was
800 3538 968 3594 ninetyyenrs
978 3535 1037 3582 old!

342 3613 379 3670 13
