2492 3900
256 219 352 273 CATO
375 218 504 279 MAIOR,
527 218 612 271 SIVE
636 219 687 270 DE
711 218 940 273 sannorum
1016 222 1075 283 199

118 396 229 458 fuisset
249 397 341 457 Plato
355 397 572 473 Atheniensis3
594 417 686 477 quem
708 397 881 458 Tarentum
894 398 1025 473 venisse,
1038 399 1075 460 L.

119 495 260 569 Camillo,
271 495 375 573 Appio
390 495 522 555 Claudio
533 496 719 569 consulibus,
734 496 862 574 reperio.
903 497 951 556 42.
974 497 1074 569 Quor·

119 611 171 650 sus
195 592 294 650 hace?
315 600 350 650 ut
374 591 570 671 intellegatis,
591 592 616 651 si
637 593 831 671 voluptatem
854 594 1013 672 aspernari
1027 613 1074 653 ra·

118 687 204 747 tione
229 696 260 747 et
285 688 435 767 sapientia
454 709 515 747 nou
538 708 708 767 possemus,
730 708 875 767 maguam
896 689 1072 748 habendam

118 786 270 844 senectuti
284 785 426 863 gratiam,
441 806 518 864 quae
531 786 674 859 efficeret,
689 797 724 845 ut
735 786 766 843 id
779 806 841 844 non
856 786 973 859 liberet,
988 786 1072 865 quod
1100 797 1120 857 5

117 902 181 940 uon
206 890 369 959 oporteret.
411 880 537 959 Inpedit
559 881 642 940 enim
665 881 827 940 consilium
850 882 1003 961 voluptas,
1027 902 1072 941 ra·

117 978 195 1038 tioni
219 977 342 1036 inimica
369 986 425 1050 est,
451 977 572 1049 mentis,
601 988 637 1036 ut
661 977 705 1035 ita
730 977 840 1050 dicam,
867 977 1069 1057 praestringit

117 1076 233 1147 oculos,
248 1075 412 1134 nechabet
428 1075 522 1133 ullum
538 1094 608 1133 cum
622 1074 739 1132 virtute
753 1074 980 1133 commercium.
1022 1073 1071 1132 In·

116 1172 200 1231 vitus
228 1172 294 1244 feri,
309 1182 344 1231 ut
367 1170 527 1230 fortissimi
551 1170 609 1229 viri
636 1170 673 1228 T.
699 1170 864 1228 Flaminini
889 1171 1014 1229 fratrem
1035 1169 1070 1229 L.

101 1267 324 1326 ‘Flamininum
341 1288 357 1327 e
372 1277 479 1327 senatu
504 1266 635 1327 eicerem
651 1279 771 1344 septem
787 1265 874 1324 anuis
888 1276 958 1345 post
977 1285 1069 1345 quam
1080 1277 1118 1337 10

116 1365 223 1425 consul
240 1366 365 1439 fuisset3
391 1365 444 1424 sed
470 1364 642 1423 notandam
670 1364 778 1440 putavi
803 1362 971 1421 libidinem.
1012 1361 1070 1421 Ille

115 1461 208 1534 enim,
223 1481 291 1520 curu
307 1472 389 1519 osset
404 1461 518 1533 consul,
542 1459 571 1517 in
596 1459 698 1518 Gallia
713 1468 858 1517 exoratus
873 1459 903 1517 in
926 1457 1069 1517 convivio

115 1578 135 1617 a
149 1568 250 1617 scorto
265 1568 321 1630 est,
335 1566 371 1616 ut
385 1557 482 1615 securi
497 1556 602 1615 feriret
618 1557 749 1635 aliquem
763 1576 877 1628 eorum,
889 1555 941 1633 qui
956 1554 987 1614 in
1003 1555 1069 1614 vin-

115 1654 192 1713 culis
207 1664 310 1713 essent
326 1650 462 1711 damnati
479 1652 522 1711 rei
536 1652 685 1731 capitalis.
729 1651 790 1710 Hic
805 1651 989 1724 Tito‚fratre
1003 1670 1068 1724 suo,

115 1770 251 1822 censore,
264 1750 312 1828 qui
326 1750 482 1829 proximus
499 1760 569 1809 ante
586 1770 634 1807 rne
649 1749 757 1819 fuerat,
772 1749 893 1826 elapsus
907 1758 970 1821 est;
992 1748 1067 1808 mihi
1078 1753 1116 1815 15

115 1866 190 1905 vero
206 1856 236 1905 et
252 1846 363 1905 Flacco
380 1847 558 1925 neutiquam
580 1845 703 1925 probari
718 1846 820 1924 potuit
835 1856 899 1904 tam
914 1845 1068 1922 flagitiosa

115 1956 148 2004 et
162 1955 225 2003 tam
242 1944 362 2023 perdita
377 1943 481 2016 libide,
496 1963 574 2022 quae
590 1964 660 2003 cum
676 1943 787 2023 probro
806 1941 927 2023 privato
942 1942 1067 2002 coniun-

114 2051 203 2120 geret
216 2041 325 2120 inperii
341 2041 484 2099 dedecus.

115 2200 166 2246 and
183 2201 280 2246 faithful
298 2204 324 2245 to
344 2201 386 2246 the
402 2200 500 2245 Roman
520 2211 576 2257 peo-
635 2200 670 2244 11.
685 2200 829 2258 notandam]
848 2199 1067 2246 ‘Itismentioued

114 2269 171 2328 ple.¹
605 2280 633 2313 as
657 2271 795 2325 apractiee
821 2270 949 2315 instituted
975 2270 1000 2314 in
1024 2269 1067 2314 the

146 2339 167 2391 1.
184 2337 213 2382 L.
235 2338 346 2392 Camillo,
364 2337 444 2396 Appio
463 2336 574 2395 0100ᾱὶ0]
605 2351 718 2395 memory
735 2339 764 2384 of
780 2352 827 2384 our
845 2339 997 2394 forefathers
1013 2338 1068 2383 that

114 2405 187 2462 They
211 2419 273 2451 were
299 2407 406 2458 consuis,
427 2407 456 2450 Β.
477 2406 504 2450 C.
525 2406 575 2450 349.
605 2408 647 2452 the
659 2420 757 2452 consors
773 2409 864 2454 should
881 2421 965 2454 annox
982 2408 1067 2452 marks

114 2475 166 2521 But
185 2475 270 2520 Cicero
290 2476 310 2520 is
330 2475 451 2532 probably
466 2476 491 2520 in
509 2487 577 2520 error
606 2477 636 2521 os
643 2489 745 2522 censure
756 2478 829 2538 tothe
840 2476 963 2522 namesof
970 2476 1067 2521 suchas

115 2546 182 2600 here,
193 2557 220 2590 us
231 2544 303 2589 Pluto
313 2545 369 2590 died
376 2550 426 2590 two
434 2555 506 2602 years
514 2544 577 2590 after
606 2547 665 2603 they
686 2547 810 2602 degraded
826 2546 890 2590 from
907 2547 949 2591 the
965 2544 1066 2591 senate!

115 2619 141 2657 at
158 2626 189 2658 un
208 2622 318 2658 extreme
336 2613 378 2658 old
398 2626 451 2670 age,
472 2614 522 2658 and
538 2625 575 2660 we
606 2612 659 2661 Lii.
671 2617 763 2661 xxxix.
775 2617 811 2660 42.
893 2607 900 2618 '

115 2683 178 2727 have
198 2696 230 2726 no
249 2687 354 2727 account
373 2682 403 2727 of
420 2683 458 2727 his
474 2683 530 2727 visit
550 2688 575 2728 to
635 2686 669 2730 12.
689 2685 780 2743 Gallici]
797 2687 812 2730 1.
828 2696 850 2730 c.
869 2685 952 2730 Gallici
964 2683 1067 2740 Cisalpi-

115 2753 191 2808 Sirily
203 2753 263 2796 later
273 2753 333 2797 than
342 2752 371 2796 B.
382 2752 409 2797 C.
418 2753 468 2797 361.
604 2759 834 2800 ria-exoratur·
846 2753 890 2810 ret]
936 2757 942 2778 ⁸
954 2752 1068 2798 Allowetl
1158 2770 1161 2774 “

143 2820 165 2864 4.
181 2821 462 2879 moytiam-qratiam]
511 2821 576 2866 ‘We
606 2825 708 2870 himself
716 2832 740 2869 to
751 2823 914 2879 bcprcvailed
925 2821 1009 2878 upou.’

115 2890 193 2945 ought
213 2896 237 2934 to
258 2891 302 2934 feei
324 2902 382 2946 very
402 2890 506 2946 grateful
533 2890 576 2944 to,’
638 2893 670 2937 13.
686 2892 764 2937 securi
778 2891 890 2949 fmretl'
915 2890 1025 2935 ‘Causerl
1041 2893 1068 2935 to

115 2966 161 3002 etc.
192 2958 229 3003 Cf.
250 2959 357 3013 cintius,
378 2972 438 3016 page
463 2960 576 3013 113‚11ne
605 2962 788 3007 bebrheaderl?
818 2960 1067 3016 Thewhoiestoryis

114 3029 151 3082 24,
163 3034 227 3073 note.
478 3054 480 3058 ·
605 3030 698 3075 related
714 3031 745 3085 by
758 3031 827 3085 Livy,
839 3030 932 3073 xxxix.
943 3028 979 3072 43.

144 3097 165 3140 5.
181 3095 358 3156 quaeqffieeret]
392 3097 576 3154 (1000100000-
635 3099 779 3156 10010000
797 3098 841 3156 est]
873 3099 929 3143 ‘Hc
948 3095 1067 3154 escaped‘

115 3165 180 3209 aient
196 3170 221 3209 to
237 3179 292 3211 erim
312 3167 448 3222 ea;1reucc
465 3168 506 3211 the
519 3167 575 3211 sub·
605 3167 707 3212 merited
723 3167 892 3223 punishment.

111 3233 232 3290 Junctire.
635 3236 669 3280 16.
687 3235 783 3293 110000]
801 3238 822 3279 A
835 3234 959 3290 eollcague
970 3232 1068 3279 escaio

144 3302 166 3346 8.
182 3303 276 3349 Inritus
285 3304 334 3361 feri
345 3302 381 3360 nt]
414 3303 442 3347 ‘I
458 3303 528 3348 acted
539 3315 575 3348 re·
605 3303 629 3348 in
640 3303 682 3347 the
693 3304 843 3358 censorship.
881 3343 885 3360 ,
1070 3304 1072 3308 ’

115 3371 425 3428 luctantlyiuexpelling.'
636 3372 671 3415 18.
686 3370 894 3429 inperiidedecuc]
920 3371 1068 3426 Ashegov-

146 3440 179 3484 lo.
196 3445 301 3485 armatu
316 3439 426 3498 eicerem]
454 3438 515 3484 Cato
526 3450 576 3484 was
605 3439 681 3485 erned
692 3440 733 3484 the
744 3440 860 3495 province
870 3439 896 3483 iu
906 3439 949 3483 the
958 3449 1031 3484 nume
1041 3437 1071 3482 ot

115 3509 173 3554 theu
190 3521 284 3565 censor,
295 3508 324 3553 Β.
336 3507 364 3553 C.
376 3507 425 3554 184.
605 3508 648 3553 the
657 3508 757 3553 Roman
771 3507 866 3566 pcople.
