2492 3900
266 250 362 304 caro
385 248 518 311 uaros,
542 244 630 302 srvn
653 244 705 301 nu
728 245 960 304 sannorum.
1025 244 1086 313 att

131 436 293 508 praeterea
315 427 348 488 in
371 426 473 507 fragili
494 442 622 507 corpore
645 423 753 488 odiosa
771 428 873 489 omnis
886 428 1014 490 offensio
1027 436 1086 491 est.

54 520 58 525 ’
133 524 224 597 Quae
247 534 351 584 tamen
376 524 481 585 onmia
501 523 640 584 dulciora
659 523 739 584 fiunt
753 534 786 586 et
801 525 938 586 moribus
952 527 1042 587 bonis
1055 535 1089 588 et

133 622 268 695 artibus3
288 621 381 701 idque
391 640 461 681 eum
472 620 504 680 in
516 620 581 680 vita
590 630 660 681 tum
671 620 702 680 in
714 633 824 682 scaena
834 622 975 703 intellegi
984 632 1089 703 potest

133 738 173 779 ex
184 718 228 777 eis
238 717 390 792 fratribus,
406 717 500 797 quiin
515 716 668 797 Adelphis
683 728 765 779 sunt.
807 719 934 792 Quanta
947 721 1088 783 innitere

133 815 251 889 diritas,
265 815 297 873 in
312 815 410 875 altero
432 814 579 875 comitas!
622 814 676 875 sio
694 834 733 889 se,
747 836 798 877 res
817 817 931 893 habet3
951 828 988 879 ut
1005 818 1089 879 enim
1118 812 1137 872 5

133 932 196 973 non
212 932 303 973 omne
318 912 434 985 vinum,
455 911 499 971 sie
520 932 583 971 non
604 912 705 972 omnis
726 925 839 973 natura
853 924 1011 975 vetustate
1024 935 1090 976 eoa·

134 1007 239 1068 ceseit.
281 1006 486 1066 Severitatem
510 1006 543 1065 in
565 1018 728 1067 senectute
750 1009 857 1087 probo,
872 1018 905 1069 et
918 1028 995 1083 eam,
1009 1010 1089 1071 sicut

134 1104 203 1178 alia,
224 1103 393 1178 modicam3
414 1103 614 1163 acerbitatem
636 1101 722 1163 nullo
736 1104 840 1165 modo.
880 1106 928 1165 66.
948 1106 1090 1166 Avaritia

134 1220 210 1261 vero
223 1200 327 1260 senilis
342 1199 416 1280 quid
432 1199 492 1259 sibi
506 1192 592 1273 velit,
602 1220 666 1259 non
680 1199 838 1280 intellego.
879 1200 993 1261 Potest
1006 1202 1090 1261 enim

135 1297 303 1377 quidquam
325 1316 391 1356 esse
413 1296 575 1357 absurdius
589 1312 693 1377 quam,
708 1316 770 1376 quo
784 1296 854 1357 viae
866 1296 969 1357 minus
984 1306 1089 1373 restet,
1099 1300 1137 1363 10

135 1412 174 1453 eo
188 1394 256 1472 plus
269 1392 374 1453 viatici
388 1393 557 1471 quaerere?
1095 1443 1097 1446 ,

136 1502 139 1504 ’
176 1489 268 1549 ΧΙΧ.
290 1489 409 1560 Quarta
444 1498 543 1549 restat
570 1507 673 1563 eausa,
700 1508 779 1570 quae
812 1489 948 1549 maxime
976 1508 1089 1569 angere

136 1597 230 1666 atque
252 1586 414 1646 sollicitam
435 1586 549 1645 habere
570 1597 710 1646 nostram
732 1596 868 1647 aetatem
888 1586 1021 1661 videtur,
1040 1586 1090 1647 ad-

136 1684 354 1764 propinquatio
375 1683 493 1756 mortis,
508 1664 587 1763 quae
602 1693 687 1743 certe
702 1703 721 1742 a
734 1692 896 1743 senectute
909 1704 971 1742 non
986 1694 1090 1763 potest

136 1782 229 1860 longe
244 1780 359 1839 abesse.
400 1780 429 1839 0
446 1780 591 1839 miserum
605 1800 721 1854 senem,
735 1780 788 1859 qui
801 1764 1138 1857 mortem-contem-15

136 1878 271 1937 nendum
285 1898 350 1937 erse
365 1876 396 1935 in
412 1884 477 1936 tarn
491 1877 585 1956 longa
595 1887 699 1937 aetate
712 1898 774 1937 nen
789 1877 921 1938 videriti
943 1898 1021 1959 quae
1036 1889 1091 1940 aut

135 1977 228 2056 plane
239 1976 433 2054 neglegenda
444 1961 501 2048 est,
515 1976 540 2034 si
555 1974 683 2036 omnino
697 1976 871 2057 exstinguit
881 1976 1026 2053 animum,
1036 1987 1092 2039 aut

136 2073 230 2132 etiam
251 2072 397 2151 optanda,
411 2071 438 2131 ui
460 2072 563 2150 aliquo
586 2091 659 2132 eum
680 2073 818 2146 deducit,
837 2073 891 2132 ubi
910 2073 952 2134 sit
969 2074 1091 2135 futurus

136 2178 288 2230 aeternus.
329 2168 430 2248 Atqui
454 2168 582 2229 tertium
606 2179 691 2229 certe
719 2169 796 2230 nihil
819 2169 952 2230 inveniri
979 2176 1091 2251 potest.

137 2267 185 2327 67.
207 2266 290 2338 Quid
306 2265 401 2346 igitur
414 2265 551 2340 timeam,
567 2264 594 2326 si
608 2276 664 2327 aut
678 2287 741 2327 non
756 2267 849 2326 miser
867 2277 939 2346 post
959 2267 1138 2329 mortemue

138 2373 192 2423 aut
215 2363 324 2422 beatus
346 2363 440 2422 etiam
465 2363 588 2423 futurus
609 2365 703 2423 sum?
744 2363 941 2443 Quamquam
962 2365 1091 2443 quiscat

136 2470 203 2520 tam
225 2459 348 2534 stultus,
362 2460 503 2539 quamvis
518 2460 559 2520 sit
573 2461 767 2534 adulescens,
781 2459 831 2519 cui
845 2459 885 2518 sit
899 2461 1092 2538 exploratum

136 2577 169 2617 se
185 2557 223 2616 ad
239 2577 403 2636 vesperum
413 2577 481 2616 esse
497 2558 679 2617 victurum?
722 2556 807 2629 Quin
830 2556 924 2614 etiam
939 2566 1024 2616 aetas
1038 2557 1093 2617 illa

137 2655 235 2714 multo
248 2654 361 2733 plures,
372 2674 465 2734 quam
474 2663 589 2730 nostra,
599 2653 709 2715 mortis
720 2672 809 2714 casus
822 2652 926 2712 habet.
959 2652 1093 2723 Facilius

166 2815 189 2860 4.
205 2813 415 2874 earissratribur]
445 2814 541 2862 Demea
550 2815 600 2862 aud
630 2814 714 2870 clause
730 2813 789 2859 bare
804 2823 933 2869 expresses
947 2812 990 2858 the
1005 2820 1094 2858 reason

138 2885 214 2930 Micio
230 2884 334 2930 arethe
351 2875 437 2929 names
452 2885 482 2930 of
496 2886 538 2932 tue
553 2890 601 2931 two
630 2883 661 2930 os
673 2883 806 2939 miserum
820 2882 899 2928 hence
916 2882 959 2928 tho
977 2882 1093 2939 subjunc-

138 2952 251 2999 brothers
269 2951 296 2998 ln
311 2951 353 2998 the
367 2953 426 3011 play
444 2953 503 3000 here
518 2954 599 3001 allud·
628 2954 689 3000 tivo.

138 3022 214 3070 edto.
658 3024 694 3070 18.
709 3023 743 3069 rit
759 3020 876 3085 stamus]
926 3022 965 3068 So.
986 3021 1093 3069 mimus.

170 3090 204 3134 10.
220 3089 342 3150 quo-eo]
384 3091 511 3138 Ablatives
521 3095 547 3137 to
558 3093 599 3138 de·
628 3091 682 3139 The
692 3092 846 3148 subjunctive
856 3091 885 3136 of
894 3092 979 3136 result.

140 3165 196 3204 note
207 3158 249 3203 the
259 3159 347 3216 degree
354 3159 384 3204 oi
390 3160 528 3216 differenca
539 3162 599 3206 with
660 3163 695 3208 19.
711 3160 924 3220 tertium-nihil]
963 3161 1018 3206 ‘No
1028 3159 1096 3206 tbird

140 3231 332 3285 comparativus,
348 3229 408 3285 they
418 3241 477 3286 may
487 3229 553 3275 often
570 3231 600 3276 bc
629 3231 730 3277 eboice.’

141 3298 195 3343 beet
204 3297 323 3344 rendered
334 3299 367 3354 by
377 3310 424 3344 our
434 3298 533 3345 definite
543 3300 600 3344 urti-
663 3301 700 3346 20.
714 3300 931 3359 Orda-timeam]
940 3304 947 3327 ‘
955 3301 1024 3356 Why
1031 3297 1096 3344 need

140 3366 243 3422 clctlae,⁸
259 3367 553 3412 ‘theless—themore!
635 3369 648 3415 1
669 3369 749 3425 fear3’
773 3371 816 3416 the
840 3370 1004 3426 subjunctive,
1029 3368 1056 3412 in
1080 3378 1096 3412 a

172 3436 206 3483 12.
224 3435 446 3494 Qraortu-euaaa]
484 3435 522 3480 Cf.
533 3449 557 3481 v.
569 3437 605 3484 15.
635 3438 770 3485 dubitative
794 3439 916 3495 question,
934 3435 1057 3494 mulyng
1079 3443 1097 3480 a

171 3505 206 3553 15.
223 3502 408 3564 qai-oldam]
442 3503 606 3551 Therelatr've
635 3507 748 3562 negative
762 3517 865 3553 answer.
