2492 3900
241 246 338 302 CATO
360 247 490 309 MAIOR,
515 247 601 299 SIVE
624 248 676 297 DE
700 248 926 301 sannorum
1000 249 1060 309 217

113 446 205 487 mum.
246 425 327 487 (lum
346 425 429 485 enim
449 424 481 484 id
497 424 634 499 advenit,
647 435 715 485 tum
730 426 816 500 illud,
831 425 913 506 quod
929 429 1061 505 praetcr-

113 525 156 599 iit,
170 524 303 598 effluxit3
325 532 448 583 tantum
463 532 612 596 remanet,
627 523 710 602 quod
726 524 841 583 virtute
857 534 889 583 et
903 535 986 583 recte
1000 523 1060 583 fac·

113 623 151 682 tis
175 631 357 681 consecutus
382 620 444 694 sis;
472 619 566 678 horae
591 620 718 699 quidem
743 621 858 681 cedunt
882 631 914 681 et
938 620 1004 680 dies
1028 629 1078 680 et,

113 704 231 777 menses
246 726 277 776 et
298 716 379 789 anni,
402 735 460 775 nec
482 716 685 796 praeteritum
705 726 829 796 tempus
851 738 997 797 umquam
1019 738 1061 775 re·

112 815 248 887 vertitur,
262 834 327 885 nec,
343 813 416 893 quid
432 822 587 892 sequatur,
603 812 671 871 sciri
686 825 800 893 potest.
842 814 936 885 Quod
951 814 1060 894 cuique
1090 806 1109 867 5

112 912 257 990 temporis
273 911 312 969 ad
331 910 501 971 vivendum
525 909 625 981 datur,
640 930 677 969 eo
692 910 786 971 debet
806 930 873 970 esse
888 921 1061 972 contentus.

112 1008 158 1069 70.
198 1008 309 1088 Neque
324 1008 406 1067 enim
419 1008 569 1082 histrioni,
586 1018 621 1067 ut
637 1008 765 1086 placeat,
780 1009 957 1087 peragenda
977 1010 1062 1068 fabu-

110 1105 140 1165 la
154 1116 210 1179 est,
226 1106 327 1179 modo,
341 1106 373 1165 in
388 1126 581 1185 quocumque
596 1106 689 1165 luerit
699 1118 779 1177 actu,
791 1106 947 1185 probetur,
961 1126 1062 1186 neque

110 1203 352 1283 sapientiusque
372 1203 413 1262 ad
435 1203 606 1263 “Plaudite
615 1202 633 1231 ”
654 1202 842 1263 veniendum
861 1214 918 1263 est.
960 1203 1062 1270 Breve

49 1300 51 1305 '
110 1300 192 1360 enim
206 1310 329 1379 tenipus
344 1300 455 1360 aetatis
476 1300 551 1360 satis
572 1301 702 1381 longum
717 1310 766 1361 est
779 1301 820 1359 ad
833 1301 913 1361 bene
924 1301 1062 1360 honeste
1072 1290 1110 1349 10

109 1417 168 1478 que
184 1380 371 1471 vivendum3
392 1397 438 1456 sin
452 1398 638 1477 processeris
662 1399 794 1478 longius,
808 1419 869 1458 non
891 1398 991 1478 magis
1013 1399 1063 1457 dc

108 1494 234 1553 lendum
248 1504 304 1567 est,
316 1514 406 1573 quam
419 1494 570 1573 agricolae
582 1494 698 1569 dolent,
713 1496 880 1575 praeterita
890 1495 976 1555 verni
986 1506 1062 1554 tem-

108 1590 192 1669 poris
214 1592 376 1665 suavitate,
390 1601 541 1651 aestatem
563 1602 810 1672 autumnumque
826 1592 955 1653 venisse.
995 1592 1063 1653 Ver

108 1688 193 1747 enim
220 1697 377 1768 tamquam
407 1688 651 1748 adulescentiam
681 1689 836 1768 significat
864 1690 1062 1769 ostenditque

107 1785 226 1845 fructus
250 1787 389 1859 futuros3
420 1786 538 1865 reliqua
566 1797 670 1845 autem
700 1796 842 1865 tempora
870 1786 1110 1847 demetendisl5

107 1882 258 1941 fructibus
294 1892 326 1942 et
361 1882 566 1962 percipiendis
601 1883 842 1945 adcommodata
876 1897 957 1945 sunt.
1013 1886 1061 1945 71.
1161 1883 1169 1904 ‘

107 1978 243 2039 Fructus
263 1992 368 2040 autem
389 1980 558 2040 senectutis
581 1990 638 2054 est,
662 1992 697 2041 ut
717 2002 810 2061 saepe
825 1983 898 2057 diri,
912 1993 985 2044 ante
999 2003 1064 2068 par-

107 2087 212 2138 torum
241 2074 391 2136 bonorum
421 2077 569 2136 memoria
597 2087 630 2136 et
655 2078 753 2157 copia.
809 2079 923 2139 Omnia
950 2091 1063 2153 alitem,

107 2192 187 2253 quae
203 2173 371 2233 secundum
396 2182 538 2232 naturam
561 2173 650 2248 fiunt,
665 2188 740 2234 sunt
761 2177 904 2236 habenda
917 2176 947 2235 iu
964 2177 1062 2236 bonis.

107 2269 195 2341 Quid
209 2279 257 2330 est
272 2281 374 2328 autem
390 2281 454 2328 tam
476 2269 648 2329 secundum
669 2281 811 2331 naturam
833 2293 924 2352 quam
939 2273 1062 2331 senibus
1072 2269 1111 2329 20

70 2389 72 2396 ¹
106 2367 229 2426 emori-i
251 2366 332 2446 quod
348 2365 431 2425 idem
446 2365 602 2445 contingit
616 2366 866 2428 adulescentibus
879 2368 1063 2428 adversante

106 2475 138 2525 et
153 2474 346 2542 repugnante
361 2473 480 2522 natura.
523 2462 636 2542 Itaque
651 2465 864 2523 adulescentes
883 2462 957 2522 mihi
983 2464 1061 2523 mori

105 2562 151 2622 sic
167 2561 320 2632 videntur,
330 2571 365 2620 ut
380 2579 562 2639 cumaquae
577 2559 778 2620 multitudine
792 2561 934 2619 flammae
948 2560 996 2619 vis
1012 2581 1062 2639 op

104 2658 267 2738 primitur3
289 2677 379 2722 senes
393 2667 507 2729 autem,
521 2657 566 2716 sic
578 2667 614 2716 ut
629 2677 698 2716 cum
714 2669 768 2716 sua
782 2665 901 2736 sponte,
916 2657 1000 2716 nulla
1010 2658 1063 2716 ad-

105 2755 206 2814 hibita
220 2755 258 2827 vi,
273 2763 474 2832 consumptus
484 2753 565 2832 ignis
580 2754 804 2831 exstinguitur;
827 2762 859 2812 et
870 2752 955 2831 quasi
970 2756 1110 2832 poma25

107 2869 145 2908 ex
162 2849 329 2920 arboribus,
340 2847 435 2906 cruda
448 2846 474 2906 si
488 2857 571 2920 sunt,
584 2847 637 2906 vix
650 2846 832 2919 evelluntur,
847 2846 872 2906 si
891 2856 1012 2910 matura
1031 2856 1063 2908 et

107 2958 204 3021 cocta,
232 2946 389 3018 decidunt,
414 2945 459 3005 sic
481 2945 580 3004 vitam
605 2946 856 3006 adulescentibus
881 2945 929 3006 vis
954 2945 1062 3020 aufert,

107 3044 231 3104 senibus
245 3042 427 3117 maturitas3
449 3061 528 3120 quae
544 3041 669 3120 quidem
684 3043 758 3103 mihi
779 3052 843 3103 tarn
858 3043 993 3102 iucunda
1007 3052 1063 3117 est,

136 3203 157 3247 2.
174 3208 270 3248 tantam
280 3201 399 3260 remanet]
440 3201 522 3259 ‘Only
541 3212 569 3246 so
630 3203 665 3247 11.
677 3202 832 3262 processeris]
869 3203 906 3248 Sc.
919 3207 1003 3248 aetate.

106 3273 183 3318 much
199 3272 323 3318 remalnsl
631 3272 666 3316 19.
682 3270 801 3330 latercula]
842 3271 1062 3317 ‘Arctobcrcck-

137 3342 158 3390 7.
170 3341 318 3403 parapanda]
331 3341 382 3387 ‘Tc
391 3342 421 3387 be
431 3339 572 3400 performed
602 3341 667 3386 oned
677 3339 784 3398 among!

107 3415 200 3460 entire?
630 3408 667 3453 21.
682 3406 973 3464 adversante-natura]
1004 3405 1062 3449 ‘Al-

136 3483 158 3526 9.
175 3480 300 3540 Plaudite]
323 3481 376 3526 The
387 3481 459 3526 usual
470 3491 570 3536 expres·
600 3477 696 3533 though
707 3477 811 3531 nature,’
820 3483 865 3520 etc.

107 3550 160 3597 sion
178 3552 237 3596 with
255 3552 336 3596 which
352 3561 368 3594 a
386 3550 506 3596 dramatic
516 3560 570 3606 per·
628 3546 665 3590 25.
680 3544 760 3604 praa]
801 3544 869 3593 Here
883 3541 1022 3597 equivaleut
1036 3544 1063 3585 to

107 3619 231 3668 lormance
242 3631 293 3667 uas
303 3619 396 3666 closed.
601 3611 818 3674 wmadmodum
833 3623 865 3656 an
874 3610 1006 3656 motuum.
