2492 3900
343 236 512 297 MELIUS,
537 235 622 287 SIVE
647 237 698 287 DE
723 237 905 289 AMICITIA.
1029 238 1089 297 253

134 414 232 479 —sic
254 414 421 475 amicitiam
443 434 504 473 non
525 434 578 493 spe
601 414 750 475 mercedis
773 415 909 488 adducti,
928 414 982 475 sed
1006 413 1089 494 qnod

135 512 237 572 omnis
261 513 327 571 eius
350 513 467 571 fructus
492 511 521 569 in
548 511 614 589 ipso
640 532 743 571 amore
769 514 857 586 inest,
882 512 1089 591 expetendam

134 618 291 687 putamus.
325 610 373 668 32.
393 608 446 666 Ab
461 608 516 681 his,
531 609 582 686 qui
597 608 751 686 pecudum
765 609 826 667 ritu
841 609 880 667 ad
897 613 1089 687 voluptatem

135 706 241 765 omnia
263 706 408 779 referunt,
423 706 514 783 longe
542 704 736 778 dissentiunt,
760 726 816 765 nec
838 706 958 766 mirum.
999 705 1088 765 Nihil

136 803 220 861 enim
235 803 341 877 altum,
356 802 432 861 nihil
446 802 643 881 magnifieum
656 823 692 861 ac
703 803 842 861 divinum
857 803 1011 882 suspicere
1022 824 1089 881 pos·
1118 808 1136 867 δ

135 911 218 972 sunt,
241 900 293 979 qui
316 919 385 959 suas
411 919 518 959 omnes
542 900 745 978 cogitationes
772 900 949 960 abiecerunt
970 900 1002 959 in
1024 920 1115 959 rem·

136 1005 203 1056 tam
217 996 363 1055 humilem
378 1006 505 1075 tamque
519 1005 739 1075 contemptam.
782 996 882 1068 Quam
899 998 939 1056 ob
954 1017 1015 1055 rem
1031 998 1088 1057 hos

137 1094 263 1172 quidem
275 1092 313 1152 ab
326 1094 383 1152 hoc
398 1113 537 1152 sermone
553 1112 785 1168 removeamus3
810 1092 869 1171 ipsi
884 1105 987 1152 autem
1003 1095 1089 1153 intel·

135 1190 275 1268 legamus
296 1200 406 1249 natura
425 1189 511 1269 gigni
534 1209 658 1249 sensum
680 1189 831 1268 diligendi
851 1200 884 1250 et
904 1190 1088 1249 benevolen-

136 1286 198 1347 tiae
213 1286 380 1359 caritatem,
394 1286 476 1346 facta
489 1286 712 1365 significatione
726 1286 888 1373 probitatis
900 1306 908 1362 ;
930 1307 1021 1365 quam
1035 1288 1088 1366 qui
1099 1303 1137 1364 10
1206 1348 1211 1355 ,

137 1383 355 1462 adpetiverunt
369 1383 526 1461 adplicant
541 1402 606 1442 sese
622 1392 655 1442 οι
668 1383 794 1462 propius
814 1384 992 1456 admovent,
1006 1395 1041 1443 ut
1056 1397 1088 1445 et
1154 1385 1157 1391 “

137 1499 195 1539 usu
209 1480 283 1553 cius,
298 1500 389 1559 quem
402 1479 529 1557 diligere
544 1489 721 1558 coeperunt,
732 1480 874 1539 fruantur
887 1490 920 1540 et
934 1479 1088 1555 moribus3

137 1586 269 1655 suntque
284 1592 372 1654 pares
388 1576 418 1635 in
434 1595 540 1635 amore
554 1586 585 1636 et
600 1576 744 1655 aequales
761 1577 1032 1656 propensioresque
1048 1578 1087 1637 ad

137 1673 216 1732 bene
241 1672 423 1732 merendum
452 1693 544 1752 quam
572 1672 612 1732 ad
641 1674 873 1751 reposcendum,
895 1684 988 1753 atque
1011 1675 1088 1735 haec

137 1769 218 1828 inter
239 1789 292 1829 eos
310 1768 347 1829 fit
369 1770 500 1828 honesta
523 1770 722 1830 concertatio.
764 1770 816 1831 Sic
830 1781 862 1832 et
878 1771 1027 1831 utilitates
1048 1791 1087 1831 ex
1098 1785 1136 1845 15

137 1864 271 1925 amicitia
286 1850 436 1923 maximae
451 1866 619 1943 capientur,
635 1876 667 1926 et
687 1866 746 1927 erit
766 1866 831 1927 eius
845 1877 931 1927 ortus
946 1888 964 1927 a
978 1878 1089 1929 natura

138 1982 230 2041 quam
252 1962 290 2021 ab
311 1962 511 2022 inbecillitate
535 1962 659 2042 gravior
672 1974 704 2024 et
719 1965 828 2024 verior.
868 1965 951 2024 Nam
966 1965 993 2025 si
1007 1966 1088 2026 utili·

138 2070 185 2119 tas
201 2059 350 2119 amicitias
363 2059 600 2139 conglutinaret,
615 2061 724 2120 eadem
740 2070 930 2122 commutata
943 2062 1089 2124 dissolve·

137 2167 203 2217 ret:
227 2157 281 2216 sed
306 2157 377 2236 quia
401 2169 513 2216 natura
527 2157 640 2217 mutari
665 2179 724 2219 non
741 2169 854 2238 potest,
868 2159 982 2219 idcirco
996 2180 1087 2220 verae

138 2254 290 2313 amicitiae
318 2254 523 2338 sempiternae
544 2264 627 2314 sunt.
668 2255 781 2315 Ortum
795 2256 921 2335 quidem
935 2257 1087 2318 amicitiae
1096 2269 1136 2330 20

137 2349 260 2424 videtis,
274 2350 334 2410 nisi
349 2350 421 2429 quid
437 2350 477 2409 ad
492 2350 569 2410 haec
583 2351 662 2411 forte
676 2352 778 2411 vultis.
1137 2353 1143 2362 “

177 2447 342 2508 Facturus.
383 2447 432 2506 Tu
449 2467 521 2508 vero
537 2468 639 2526 perge,
654 2448 758 2507 Laelii
782 2447 845 2508 Pro
859 2449 919 2509 hoc
929 2449 1021 2525 enim,
1035 2449 1089 2528 qui
1189 2509 1192 2512 ,

138 2543 238 2604 minor
252 2553 299 2603 est
313 2554 396 2618 natu,
413 2564 482 2604 meo
498 2544 562 2603 iure
578 2544 758 2624 respondeo.

166 2703 188 2749 3.
204 2703 241 2748 Ab
252 2702 300 2762 tis]
333 2703 423 2749 ‘From
431 2704 501 2749 these
507 2703 598 2749 uleus!
628 2704 710 2761 urelly
724 2704 755 2751 be
770 2699 891 2762 expected
900 2707 927 2750 to
937 2704 1010 2750 stand
1025 2703 1088 2752 first.

136 2774 414 2834 -qui-cle‘ssentiunt]
444 2775 497 2820 Thc
507 2775 598 2832 Epicu
658 2773 692 2818 12.
708 2779 731 2820 ct
750 2773 867 2834 moena]
898 2774 935 2820 Το
954 2775 985 2820 be
1001 2774 1089 2830 jolned

137 2843 422 2889 reeusarercfcrredto
627 2843 760 2898 witham
775 2843 833 2888 ‘the
851 2842 944 2900 society
958 2842 1089 2888 audehat

165 2912 187 2956 6.
203 2911 348 2970 abiecerunt]
389 2911 459 2958 Used
478 2911 537 2956 with
560 2923 597 2957 re·
627 2918 693 2957 aeter
703 2911 732 2956 ol
744 2910 813 2967 him,'
824 2916 870 2956 etc.

138 2985 205 3038 spect
215 2989 240 3026 to
250 2981 421 3026 dumzkmand
429 2985 596 3038 contemptam
657 2981 691 3026 14.
707 2979 775 3040 haec]
808 2980 913 3035 ‘Thur
932 2980 1052 3038 referring
1036 2939 1090 3027 «vio

137 3051 186 3096 and
210 3051 237 3096 iu
256 3051 395 3108 oppositi0n
419 3054 445 3095 ιο
462 3051 684 3108 suspiceremus
698 3063 772 3108 pares
789 3048 817 3094 in
834 3063 916 3094 amore
931 3053 954 3095 et
970 3050 1089 3107 aemuler,

137 3120 218 3165 which
228 3121 352 3177 precedes.
627 3123 673 3164 etc.
703 3119 770 3164 Haec
787 3118 808 3162 ls
826 3117 988 3175 semiulncby
1002 3122 1090 3163 attrac-

167 3189 201 3234 10.
209 3185 464 3250 facta-probitatis]
504 3188 600 3234 ‘When
629 3188 879 3233 tiontocmwmceic.

137 3258 178 3304 the
195 3259 312 3305 evidence
326 3259 357 3304 of
374 3258 533 3315 uprightness
554 3259 599 3302 has
656 3256 693 3301 21.
709 3256 819 3316 αιιιοοο]
836 3256 875 3302 Sc.
892 3256 986 3311 dacem
1001 3257 1041 3301 ‘in
1052 3268 1090 3302 re·

136 3328 297 3385 becugivcn!
629 3325 672 3382 ply
690 3330 716 3371 to
737 3326 806 3372 these
824 3325 942 3382 things3'
967 3326 1028 3370 with
1047 3327 1090 3372 the

166 3398 200 3443 ll.
216 3395 517 3457 adplicant-admouent]
535 3395 599 3440 Gen·
630 3395 762 3440 lucidant-il
773 3396 859 3440 notion
870 3395 900 3440 of
911 3396 1059 3452 opposition.

136 3467 213 3523 erally
224 3467 329 3512 calleda
347 3467 465 3522 hysteron
475 3470 598 3521 proteron,
658 3463 693 3507 23.
709 3477 761 3508 meo
785 3462 848 3522 iure]
885 3463 1091 3509 ‘Inaccordsuce

137 3548 163 3582 es
173 3536 215 3582 the
226 3537 286 3582 verb
301 3535 427 3581 admovent
442 3533 524 3579 would
546 3537 599 3578 nnt-
628 3532 689 3577 with
699 3544 742 3590 my
753 3531 885 3589 privilege’
895 3531 925 3578 of
936 3531 1064 3588 seniority.
