2492 3900
178 275 238 339 152
384 274 416 339 α
441 273 569 329 cusan
591 275 679 327 auru
702 273 753 325 nn
775 272 906 327 susms

176 453 317 528 Balacro,
331 453 384 534 qui
398 453 616 533 specularetur,
636 452 812 533 praemisso,
827 448 994 532 cognoscit,
1007 456 1129 530 petram

175 551 250 630 fuga
263 549 412 612 Indorum
427 569 495 610 esse
510 550 674 610 desertam.
715 549 797 608 Tum
812 548 886 608 dato
901 547 999 626 signo,
1013 554 1048 606 ut
1061 545 1128 606 uni-

175 647 258 707 versi
289 648 525 720 conclamarent,
542 646 760 726 ‚incomposite
794 644 983 724 fugientibus
1009 651 1128 702 metum

175 745 319 805 incussit:
342 745 502 824 multique,
517 749 677 824 tamqnam
691 743 811 803 adesset
822 741 929 814 hostis,
943 760 998 820 per
1011 738 1128 798 lubrica

148 851 251 911 §saxa
266 861 380 922 perque
394 841 494 902 invias
507 851 593 902 cotes
607 841 802 921 praecipitati
813 839 1009 900 occiderunt:
1023 837 1126 916 plures

122 1017 125 1023 .
177 938 279 1018 aliqua
302 938 511 998 membrorum
533 947 622 1018 parte
647 937 771 998 mulcati
797 936 836 997 ab
860 935 988 1016 integris
1012 934 1126 994 deserti

176 1044 258 1096 sunt.

215 1132 377 1194 XXVIII.
398 1132 477 1208 Rex,
490 1133 629 1193 locorum
642 1132 742 1211 magis
758 1151 850 1211 quam
866 1131 1003 1191 hostium
1017 1131 1125 1205 victor,

175 1229 309 1308 speciem
335 1241 442 1290 tamen
471 1248 602 1308 magnae
633 1227 780 1288 victoriae
811 1227 964 1288 sacrificiis
985 1238 1017 1288 et
1039 1229 1126 1288 cultu

128 1333 166 1394 10
176 1327 268 1387 deum
283 1328 365 1389 fecit.
405 1328 491 1388 Arae
504 1327 536 1386 in
552 1336 639 1406 petra
652 1327 770 1387 locatae
785 1338 859 1386 sunt
879 1325 1039 1388 Minervae
1055 1325 1126 1386 Vio-

174 1425 341 1504 toriaeque.
382 1424 523 1485 Ducibus
536 1423 662 1498 itineris,
676 1443 738 1504 quo
752 1423 854 1484 subire
873 1423 1003 1485 iusserat
1017 1424 1127 1484 leviter

157 1532 321 1596 armatos,
341 1521 401 1581 etsi
421 1520 580 1601 promissis
602 1520 722 1592 minora
745 1520 970 1600 praestiterant,
991 1520 1125 1600 pretium

175 1636 247 1677 cum
260 1618 322 1677 fide
340 1618 498 1678 redditum
519 1627 575 1678 est.
615 1617 729 1678 Petrae
751 1615 945 1698 regionisque
960 1616 990 1678 ei
1003 1616 1126 1678 adiunc-

175 1721 227 1774 tae
242 1712 400 1776 Sisocosto
412 1715 512 1775 tutela
525 1714 685 1794 permissa.

535 1942 684 2015 masa
713 1943 760 2016 X.

599 2077 646 2143 [x.
665 2079 707 2144 c]

127 2176 166 2237 15
214 2176 241 2238 Ι.
262 2176 495 2239 Iarmsmus
510 2178 653 2238 lacrimae
668 2178 794 2239 obortae
808 2174 975 2258 praebuere
989 2178 1123 2260 speciem

174 2273 237 2334 iam
251 2294 312 2334 non
324 2294 438 2354 regem,
449 2274 504 2335 sed
518 2274 611 2334 funus
626 2273 691 2333 eius
701 2274 830 2335 visentis
844 2275 1005 2337 exercitus.
1038 2275 1124 2335 Mae·

173 2390 226 2431 ror
243 2379 348 2431 tamen
371 2371 633 2433 circumstantium
652 2372 768 2433 lect-um
793 2371 967 2433 eminebat:
987 2393 1063 2453 quos
1087 2382 1124 2435 ut

173 2488 229 2529 rex
257 2468 409 2548 adspexit,
442 2467 664 2543 “Invenietis,’'
688 2469 799 2549 inquit,
829 2476 927 2530 “cum
955 2490 1123 2545 excessero,

173 2566 303 2647 dignum
318 2566 432 2627 talibus
446 2566 519 2626 viris
533 2564 681 2645 regem?”
704 2565 888 2627 Incredibile
902 2566 988 2627 dictu
1002 2566 1123 2627 auditu-

48 2651 53 2661 ’
124 2674 164 2735 20
174 2683 242 2743 que,
253 2664 284 2723 in
300 2664 411 2724 eodem
426 2664 533 2723 habitu
547 2663 691 2743 eorporis,
712 2663 742 2723 in
755 2684 848 2744 quem
862 2683 895 2725 se
910 2674 1123 2743 conposuerat,

173 2780 244 2820 cum
269 2760 458 2824 admissurus
478 2761 592 2823 milites
616 2770 706 2833 esset,
729 2761 863 2835 durasse,
887 2760 986 2823 donec.
1011 2780 1029 2821 a
1053 2770 1122 2821 toto

174 2850 311 2922 eser-citu
331 2857 410 2920 illud
433 2857 577 2919 ultimum
600 2858 807 2937 persalutatus
833 2866 902 2918 est:
934 2858 1122 2939 dimissoque

201 3014 226 3067 6,
239 3012 349 3073 mulceo]
392 3014 632 3071 ‘Mangled’va'n-
820 3028 903 3065 uasa
918 3029 945 3065 x.

172 3082 256 3141 scyris]
284 3082 394 3140 ‘reesa’
410 3084 427 3135 i
444 3086 633 3139 immund·
691 3110 855 3160 Alexander’s
880 3112 955 3159 death
984 3113 1034 3160 and
1053 3113 1123 3159 char·

172 3150 372 3207 edorfatlgued.
662 3185 728 3226 acm,

201 3221 224 3266 9.
238 3218 486 3280 specim-mayaco
505 3223 631 3284 uictoriae]
729 3211 735 3225 ⁸
864 3231 924 3245 “““

172 3288 190 3336 i.
207 3301 228 3337 e.
249 3289 282 3351 be
293 3288 384 3335 offered
395 3291 457 3337 such
468 3292 589 3337 sacrifices
606 3305 634 3341 as
692 3294 728 3348 15.
744 3293 903 3355 famaus]
934 3298 972 3343 Sc.
984 3296 1108 3345 militibus.

173 3358 205 3409 be
214 3358 297 3404 would
307 3358 371 3403 have
389 3359 481 3406 offered
491 3361 542 3410 had
553 3361 634 3418 heac
693 3363 728 3411 17.
743 3363 870 3423 eminebat]
903 3367 977 3413 ‘Was
997 3366 1123 3425 conspice·
1150 3356 1154 3365 ’

172 3428 253 3484 tually
260 3427 453 3485 gainedagreat
463 3430 566 3490 victory,
664 3431 726 3481 onst

202 3496 238 3548 14.
255 3496 383 3554 Sisocosto]
416 3497 456 3541 An
465 3497 563 3553 Indian,
578 3499 634 3550 who
658 3493 675 3516 ⁵
691 3499 728 3543 20.
742 3500 823 3549 eodem
837 3500 922 3559 Ιιᾳΰίίιι
935 3505 1050 3568 emporis]
1077 3506 1124 3555 ‘In

172 3564 566 3632 badgonsovermdlexander,
664 3566 706 3633 the
717 3578 784 3633 same
794 3570 917 3638 position?
973 3578 977 3585 ·
