2492 3900
191 196 250 259 192
459 196 499 247 Μ.
524 195 651 249 TULLII
674 194 874 250 CICERONIS

189 394 229 434 ne
249 392 323 434 vera
343 373 525 454 praedicans
550 374 590 434 de
604 394 638 434 se
653 373 745 434 nimis
759 372 920 434 videretur
941 382 995 435 aut
1009 374 1150 437 insolens

189 481 243 531 aut
257 471 378 551 loquax.
419 470 554 543 Etenim,
569 481 604 531 ut
626 471 670 530 ait
690 470 855 545 Homerus,
878 478 944 531 “ex
958 472 1024 531 eins
1040 472 1151 553 lingua

115 618 122 635 .
189 569 279 628 melle
291 567 410 627 dulcior
418 568 535 627 fluebat
545 568 644 635 oratio
654 587 662 641 3
671 566 688 596 ”
700 588 793 647 quam
805 568 845 626 ad
857 568 1044 628 suavitatem
1054 570 1149 629 nullis
1230 623 1231 642 ,

189 663 301 742 egebat
316 664 451 744 eorporis
466 664 594 724 viribus.
635 663 679 725 Et
703 674 809 725 tamen
832 664 897 723 dux
919 664 970 724 ille
995 665 1146 727 Graeciae

160 756 340 837 onusquam
366 770 455 839 optut
476 772 511 820 ut
532 760 638 820 Aiacis
660 760 774 820 similes
794 760 909 821 habeat
930 759 1047 835 decern,
1062 772 1094 821 at
1109 773 1147 823 ut

188 853 219 912 N
222 857 327 915 esteris
340 876 348 930 ;
369 857 452 936 qnod
466 857 492 917 si
503 856 561 917 sibi
576 857 732 931 acciderit,
747 877 810 917 non
825 856 949 917 dubitat
965 857 1039 937 quin
1054 859 1144 919 brevi
1230 843 1231 860 Χ

80 944 91 967 ’
188 949 495 1031 sit'P1·oiaperitura.
537 956 585 1015 32.
628 955 691 1015 Sed
713 954 808 1014 redeo
827 954 868 1014 ad
889 974 948 1014 me.
989 954 1145 1026 Quartum

188 1066 249 1126 ago
272 1068 386 1109 annum
417 1061 449 1111 et
477 1051 722 1131 octogesimum
744 1052 857 1111 vellern
886 1051 1032 1131 equidem
1059 1052 1144 1112 idem
1231 1055 1232 1058 ’

186 1158 278 1217 posse
291 1140 423 1219 gloriari,
438 1142 520 1221 quod
537 1141 655 1220 Cyrus3
680 1142 734 1200 sed
748 1151 852 1201 tamen
863 1142 923 1201 hoc
937 1162 1017 1221 queo
1032 1142 1144 1217 dicere,

139 1237 177 1297 10
188 1255 248 1294 uon
265 1256 313 1295 me
328 1238 452 1316 quidem
469 1238 512 1297 eis
526 1258 591 1297 esse
607 1238 731 1311 viribus,
747 1239 860 1318 quibus
875 1249 930 1299 aut
950 1239 1039 1300 miles
1060 1239 1143 1301 belle

187 1328 308 1401 Funleo
331 1341 386 1391 aut
410 1342 556 1411 quaestor
577 1331 688 1392 eodem
710 1333 793 1392 bello
815 1342 870 1392 aut
890 1334 997 1392 erinsnl
1017 1334 1049 1393 in
1072 1333 1143 1394 His·

186 1427 277 1506 panii
292 1428 401 1487 fuerim
417 1438 471 1488 aut
491 1429 696 1508 quadriennio
717 1440 881 1509 postcunt
904 1431 1043 1491 tribunus
1067 1432 1144 1490 mili·

186 1524 260 1583 taris
283 1525 461 1605 depugnavi
482 1526 565 1605 apud
580 1525 806 1607 Thermopylas
821 1526 866 1586 Μ’
881 1527 1046 1588 Glabrione
1070 1549 1143 1589 eon-

185 1621 268 1695 sule;
282 1622 336 1680 sed
351 1632 465 1695 tamen,
480 1632 515 1683 ut
529 1643 585 1682 vos
600 1623 723 1697 videtis,
738 1644 799 1683 non
814 1623 903 1703 plaue
919 1646 966 1683 ine
981 1626 1143 1687 enervavit

137 1716 243 1776 15nec
265 1717 385 1777 adflixit
405 1730 558 1792 senectus,
579 1740 641 1779 non
664 1720 749 1780 curia
768 1720 849 1780 vires
870 1741 954 1779 meas
976 1718 1141 1797 desiderat,

185 1833 247 1873 non
263 1824 370 1886 rostra,
385 1835 446 1874 nou
463 1815 562 1889 amici,
575 1836 637 1875 non
653 1817 791 1889 clienter,
805 1838 866 1877 non
888 1819 1036 1896 hospites.
1070 1819 1101 1878 N
1104 1840 1142 1881 eo

185 1908 267 1970 enirn
293 1929 438 1991 umquam
466 1932 534 1972 sum
568 1913 720 1975 adsensus
748 1914 847 2002 veteri
880 1915 923 1974 illi
954 1916 1141 1998 laudatoque
1232 1986 1234 1995 ,

184 2007 355 2085 proverbio,
370 2009 452 2088 quod
468 2023 575 2070 monet
589 2019 735 2071 “mature
750 2011 816 2071 fieri
831 2032 946 2084 senem,
958 2013 983 2072 si
998 2014 1051 2074 diu
1063 2015 1140 2076 velis

184 2123 278 2162 senex
293 2104 387 2164 esse.’'
428 2105 498 2187 Ego
514 2127 588 2167 vero
609 2128 659 2167 me
674 2109 776 2169 minus
792 2109 846 2168 diu
860 2129 965 2168 senem
981 2130 1049 2170 esse
1065 2112 1142 2170 mal·

135 2207 174 2266 20
184 2201 253 2276 lem,
268 2222 360 2282 quam
375 2222 443 2263 esse
458 2224 562 2264 senem
577 2215 651 2264 ante
666 2225 759 2285 quam
771 2225 879 2265 essem.
920 2205 1032 2286 Itaque
1047 2226 1141 2267 nemo

212 2360 235 2406 2.
249 2365 277 2406 ul
291 2359 328 2408 att
343 2363 472 2422 Hominis]
518 2363 643 2410 11.1.249.
673 2377 701 2410 as
725 2363 818 2411 tribuni
841 2364 963 2410 militares
987 2364 1052 2412 after
1074 2366 1143 2413 their

128 2423 136 2438 “
183 2429 250 2477 Here
269 2444 284 2477 a
301 2431 380 2478 literul
397 2432 543 2478 translation
561 2435 590 2481 01
601 2435 644 2480 the
673 2434 825 2491 consulship.
862 2434 900 2480 01.
921 2434 975 2480 Liv.
993 2435 1084 2482 xxxvi.
1102 2436 1139 2493 17,

182 2512 284 2558 passage
296 2502 405 2548 referred
415 2507 440 2548 to
451 2503 471 2547 is
481 2503 563 2560 given.
674 2504 723 2548 and
734 2503 788 2548 xlii.
796 2503 834 2549 49.

210 2572 232 2617 6.
248 2572 372 2632 reddiit]
424 2571 476 2618 The
492 2572 575 2619 future
590 2585 645 2631 per·
704 2572 739 2618 16.
755 2571 846 2632 rostra]
878 2545 1140 2619 1010011101110110-
1232 2558 1233 2571 ’

182 2639 316 2686 fecttense.
414 2668 422 2683 .
673 2653 730 2686 rum
756 2640 822 2686 from
848 2641 928 2686 which
954 2646 1048 2686 orators
1072 2653 1139 2689 were
1232 2650 1233 2705 ζ

211 2709 411 2770 1010άο0100]
456 2709 502 2756 See
516 2722 579 2769 page
595 2710 645 2768 191,
674 2711 1139 2767 wenttoaddresspubiieassemhlies.

182 2777 231 2824 line
243 2778 277 2824 14.
706 2778 740 2825 18.
752 2778 889 2838 provallo]
928 2778 963 2823 01
984 2790 1069 2823 course
1094 2778 1138 2825 the

213 2847 246 2892 lu.
262 2847 439 2908 eie-oirilus]
480 2849 594 2896 Ablativc
618 2850 649 2895 01
674 2848 791 2894 intended
802 2849 919 2905 meaning
929 2848 958 2892 01
971 2847 1013 2893 the
1031 2849 1138 2904 proverb

182 2915 377 2972 characteristio;
404 2918 543 2976 ‘although
569 2919 582 2965 1
607 2920 644 2964 in·
674 2917 1137 2973 10111011000010011010111001011-
1231 2930 1233 2961 l

182 2985 245 3030 deod
262 2985 325 3031 heve
341 2991 384 3032 not
394 2989 455 3033 such
471 2988 581 3046 strength
592 2989 643 3034 usI
673 2988 765 3032 eration
776 2987 826 3032 aud
838 2987 942 3031 wisdom
950 2986 979 3030 01
986 2998 1016 3029 an
1025 2985 1067 3030 old
1078 2997 1137 3030 rnan

182 3051 248 3108 hud,’
259 3058 304 3098 etc.
674 3056 696 3100 11
708 3057 739 3101 he
750 3057 834 3101 would
850 3057 897 3101 live
918 3055 1005 3112 long;’
1021 3056 1064 3099 but
1074 3054 1138 3098 Cato

213 3122 248 3168 13.
263 3122 328 3181 optad
355 3119 537 3185 Thermopylas]
582 3126 644 3172 This
673 3126 752 3186 takes⁴
761 3127 780 3170 it
800 3127 825 3170 ln
842 3126 947 3171 another
965 3137 1048 3170 seinse:
1075 3129 1137 3169 ‘one

182 3201 233 3234 was
243 3190 284 3236 the
302 3191 377 3236 battle
394 3192 418 3236 in
435 3193 516 3238 which
534 3194 575 3239 the
586 3207 643 3240 eon·
672 3200 740 3240 mrtst
762 3195 837 3240 strive
856 3195 895 3239 for
913 3196 955 3240 the
976 3193 1137 3239 comiortable
1232 3176 1233 3197 ³

183 3258 221 3302 sul
240 3258 340 3304 Glahrie
360 3259 472 3305 defeated
498 3263 643 3318 Antidehus,
673 3263 722 3306 and
733 3263 837 3307 inactive
849 3262 891 3307 life
902 3264 931 3308 01
938 3275 969 3306 nn
983 3261 1024 3306 old
1041 3272 1105 3315 nitin,
1117 3261 1141 3306 if

183 3327 305 3372 B-C.191.
336 3328 398 3373 Cato
409 3329 457 3373 had
468 3330 529 3373 been
541 3332 642 3384 consul;
673 3331 705 3375 he
716 3332 797 3376 would
810 3332 857 3376 live
868 3331 943 3387 loug.'

184 3397 230 3440 hut
243 3397 261 3440 it
278 3408 357 3440 seems
367 3402 393 3440 to
403 3396 466 3442 have
477 3397 538 3442 been
551 3411 583 3443 no
599 3412 644 3444 un·
705 3398 739 3443 19.
754 3398 860 3457 mal'em]
888 3401 925 3444 01.
938 3406 995 3444 note
1004 3411 1035 3444 on
1046 3398 1137 3457 rellem,

184 3466 256 3510 usual
272 3465 343 3521 thing
360 3464 399 3509 for
413 3465 524 3510 Romans
539 3470 565 3511 to
575 3478 645 3513 serve
674 3467 724 3513 viii.
740 3467 776 3524 16,
787 3480 849 3524 page
861 3469 912 3523 189,
924 3469 971 3514 line
981 3469 1003 3513 9.

1228 3486 1234 3541 1
