2492 3900
162 224 223 285 260
433 224 472 275 Μ.
497 224 624 285 Tuum
648 222 844 275 CICERONIS

161 398 273 478 viginti
296 398 385 459 annis
407 407 480 460 ante
503 400 585 479 apud
611 420 668 459 nos
688 400 805 460 fecerat
827 400 1018 462 Coriolanus.
1058 402 1121 465 His

162 496 286 556 adiutor
300 489 407 557 contra
420 496 553 577 patriam
567 498 714 557 inventus
736 507 784 556 est
805 516 916 571 nemo,
937 498 1040 577 itaque
1062 500 1123 560 sibi

163 605 297 653 mortem
323 604 454 674 uterque
478 594 637 654 conscivit.
679 595 727 653 43.
750 593 821 664 Qua
840 614 873 651 re
897 594 967 653 talis
982 594 1123 674 inprobo·

162 710 231 749 rum
246 691 407 750 consensio
422 711 483 750 non
500 690 594 750 modo
606 690 804 750 excusatione
816 690 970 749 amicitiae
986 692 1123 770 tegenda

135 788 225 848 buon
241 794 297 859 est,
311 786 364 844 sed
379 786 483 865 potius
505 785 657 863 supplicio
679 784 764 843 omni
787 784 973 844 vindicanda
996 797 1063 860 est3
1086 796 1122 846 ut-

162 882 285 961 nequis
309 902 489 942 concessum
510 891 602 960 putet
626 881 768 956 amioum,
790 882 840 941 vel
862 881 979 940 bellum
1001 882 1120 961 patriae

151 976 348 1039 ¹inferentem
374 978 470 1058 sequi.
527 978 621 1050 Quod
647 978 781 1058 quidem,
806 990 915 1037 utres
943 978 987 1037 ire
1009 977 1121 1057 coepit,

163 1076 247 1135 haud
263 1075 325 1136 scio
340 1096 378 1135 an
394 1075 560 1155 aliquando
582 1076 721 1135 futurum
741 1075 791 1145 sit.
832 1074 917 1133 Mihi·
934 1086 1038 1135 autem
1057 1095 1121 1134 non

154 1173 275 1233 ,minori
289 1193 380 1233 curae
394 1182 449 1247 est,
465 1172 563 1252 qualis
578 1192 628 1232 res
645 1172 770 1252 publica
789 1184 861 1251 post
875 1182 1006 1231 mortem
1019 1191 1121 1231 meam

116 1268 154 1329 10
164 1270 268 1329 futura
283 1269 330 1342 sit,
346 1290 438 1349 quam
453 1269 551 1349 qualis
566 1269 661 1328 hodie
675 1269 724 1329 sit.
1087 1333 1090 1338 ,

204 1364 298 1425 ΧΙΙΙ.
319 1367 368 1425 44.
404 1365 492 1425 Haeo
505 1365 601 1445 igitur
611 1365 711 1444 prima
725 1365 776 1425 lex
791 1365 945 1426 amicitiae
956 1366 1121 1441 sanciatur,

165 1473 201 1521 ut
215 1462 254 1521 ab
268 1462 374 1521 amicis
387 1462 519 1521 honesta
533 1472 686 1540 petamus,
701 1462 871 1522 amicorum
885 1474 978 1523 causa
991 1463 1121 1522 honesta

164 1558 322 1632 faciamus,
343 1579 381 1617 ne
404 1568 619 1636 exspectemus
645 1559 772 1637 quidem
787 1560 861 1617 dum
875 1579 1037 1639 rogemur3
1058 1570 1120 1619 stu·

166 1655 251 1713 dium
279 1675 401 1733 sempor
428 1654 518 1727 adsit,
547 1655 706 1730 cunctatio
734 1655 833 1715 absit:
858 1656 1019 1715 consilium
1045 1676 1119 1716 vero

118 1751 155 1811 15
166 1750 240 1810 dare
256 1750 424 1810 audeamus
435 1750 553 1823 ¹libere:
575 1750 742 1829 plurimum
756 1752 787 1811 in
804 1753 938 1813 amicitia
952 1754 1119 1813 amicorum

166 1848 245 1907 bene
259 1846 456 1907 suadentium
472 1848 575 1907 valeat
589 1848 767 1922 auctoritas,
778 1869 876 1928 eaque
891 1860 923 1910 et
937 1844 1120 1910 adhibeatur

167 1944 206 2005 ad
221 1943 410 2004 monendum
435 1965 497 2003 non
521 1944 614 2004 modo
638 1957 754 2024 aperte,
768 1946 822 2006 sed
846 1946 940 2007 etiam
961 1948 1080 2022 acriter,
1093 1946 1119 2007 si

83 2087 87 2102 ‚
167 2063 215 2102 res
246 2041 423 2122 postulabit,
445 2053 477 2101 et
498 2041 655 2102 adhibitae
684 2054 840 2122 pareatur.
881 2045 930 2104 45.
951 2044 1033 2104 Nam
1055 2043 1120 2124 qui·

166 2139 306 2213 busdam,
321 2160 397 2219 quos
418 2139 511 2198 audio
532 2139 689 2218 sapientes
710 2141 833 2201 habitos
855 2145 886 2201 in
910 2142 1046 2216 Graecia,
1059 2142 1121 2222 pia·

118 2244 158 2304 20
168 2237 265 2297 cuisse
290 2236 399 2316 opinor
418 2236 569 2295 mirabilia
594 2236 746 2316 quaedam
757 2273 798 2284 -
808 2239 863 2298 sed
878 2240 953 2298 nibil
968 2250 1023 2313 est,
1037 2238 1120 2318 quod

168 2334 213 2395 illi
225 2355 286 2394 non
298 2344 523 2414 persequantur
536 2334 666 2412 argutiis
678 2353 735 2394 :-
744 2336 857 2414 partim
879 2336 1040 2415 fugiendas
1055 2355 1120 2396 esse

168 2431 278 2492 nimias
300 2430 459 2506 amicitias,
481 2451 519 2490 ne
540 2451 665 2490 necesse
689 2431 731 2491 sit
753 2453 850 2492 unum
874 2433 1038 2492 sollicitum
1053 2451 1120 2492 esse

167 2550 225 2611 pro
245 2529 401 2610 pluribus3
423 2526 500 2590 satis
523 2547 677 2608 superque
701 2549 767 2589 esse
788 2529 846 2590 sibi
868 2549 991 2589 suarum
1012 2530 1122 2609 cuique

197 2689 220 2738 2.
235 2689 324 2751 itaque]
356 2688 631 2748 Equivalenttcetita.
690 2689 726 2736 20.
742 2689 867 2736 mirabilia
882 2689 1011 2750 quodam]
1033 2689 1123 2736 ‘Some

197 2759 219 2806 3.
235 2757 499 2817 mortem-concava]
528 2757 632 2803 Historl·
662 2759 865 2817 strangcvicws!

169 2841 214 2874 ans
225 2829 295 2874 differ
305 2829 330 2873 in
340 2827 428 2884 regard
436 2833 461 2872 to
476 2827 519 2872 the
529 2831 659 2872 manner⁴
690 2827 727 2874 21.
742 2827 857 2887 arpmiir]
889 2825 1052 2871 ‘Subtleties'
1080 2852 1083 2860 ·
1168 2867 1175 2886 ι

170 2898 198 2944 of
210 2899 274 2944 their
282 2898 363 2943 death.
386 2897 423 2942 cf.
433 2897 515 2952 Grote‚
526 2897 558 2941 iv.
571 2908 633 2954 page
691 2898 727 2944 22.
742 2897 833 2943 nimias
857 2895 991 2955 amicitia]
1039 2894 1123 2940 Cicero

169 2968 206 3020 43.
216 2968 265 3013 and
275 2967 425 3023 Mommsen,
436 2967 452 3011 i.
464 2979 525 3026 page
536 2967 586 3012 360.
662 2979 742 3014 secms
753 2973 779 3014 to
795 2969 858 3014 have
870 2967 919 3012 had
930 2967 955 3010 in
966 2965 1061 3010 minda
1070 2973 1124 3020 pas-

199 3035 220 3084 7.
239 3034 316 3093 Quod]
349 3034 437 3080 Refert
455 3039 481 3079 to
491 3034 633 3078 amicum·
661 3049 719 3094 sage
730 3038 795 3084 from
803 3039 845 3084 the
862 3036 1015 3094 Hippolytus
1032 3033 1061 3080 of
1074 3033 1124 3078 Eu·

170 3104 236 3164 requi
246 3105 270 3149 in
286 3104 327 3148 the
337 3103 469 3160 preceding
479 3110 601 3148 sentence.
661 3106 762 3163 riprdes,
774 3120 797 3152 v.
808 3107 851 3152 253
859 3123 865 3153 r
872 3129 902 3139 -

201 3174 235 3219 13·
251 3174 308 3219 dum
318 3172 439 3232 wilmar]
458 3171 521 3218 ‘Tin
538 3185 574 3217 ΨΟ
590 3185 632 3218 81¹6
661 3181 1123 3224 ltbehoovesmentosormmoderatemend-

170 3243 263 3289 8⁸1(ch
730 3245 787 3289 sblps
795 3245 846 3280 with
854 3245 907 3281 esch
915 3245 982 3288 other,

201 3313 236 3358 18,
251 3317 274 3357 ει
285 3309 407 3354 adhibitae
416 3311 542 3368 pareatur]
560 3313 566 3335 ι
574 3311 633 3354 And
662 3299 709 3335 And
718 3303 754 3336 not
763 3305 785 3336 to
793 3301 828 3336 the
835 3309 888 3345 very
896 3309 987 3336 marrow
995 3300 1020 3335 of
1028 3298 1063 3334 the
1072 3295 1124 3333 soul-

171 3383 225 3426 that
242 3393 278 3426 we
294 3379 349 3436 give
368 3378 430 3422 head
445 3383 471 3420 to
487 3378 506 3420 it
521 3379 592 3422 when
604 3390 632 3422 so
690 3379 726 3424 23.
742 3380 935 3439 satis-rerum]
960 3380 1041 3425 ‘That
1050 3388 1125 3433 every

171 3445 331 3504 employed3’
342 3448 461 3502 pareatur
476 3445 496 3486 is
507 3444 568 3488 used
586 3445 632 3488 im·
661 3458 709 3490 one
726 3447 771 3491 has
788 3447 895 3504 enough,
911 3449 961 3494 and
979 3460 1048 3493 more
1065 3446 1125 3491 than

171 3518 319 3576 personally.
333 3537 363 3548 -
377 3513 529 3574 quibusdam]
579 3514 633 3560 The
662 3515 771 3570 enough,
782 3515 812 3560 of
819 3516 857 3560 his
868 3529 924 3561 own
933 3521 1037 3562 matters
1050 3523 1075 3562 to
1089 3519 1125 3560 at·

170 3589 333 3648 Epicuream.
661 3583 722 3628 tend
736 3582 779 3628 tc!
