2492 3900
166 219 206 285 sn
459 220 492 272 1³.
517 205 642 272 0va
663 218 823 272 3333333
979 217 1116 284 [ras-aa.

166 396 322 478 captabat
334 395 466 476 plumas,
479 395 593 456 flavam
606 395 701 494 modo
715 396 826 476 pollice
841 415 943 458 ceram

165 495 316 567 Mollibat,
331 495 461 572 lusuque
475 513 531 553 sno
544 493 684 554 mirabile
699 493 796 572 patris

164 591 350 672 Inpediebat
364 610 451 670 opus.
491 589 663 668 Postquam
677 610 787 650 manus
801 590 911 650 ultima
926 591 1044 672 coeptis

164 687 306 768 Inposita
320 698 377 762 est,
389 687 529 767 geminas
544 687 648 766 opifex
662 687 787 747 libravit
801 687 833 746 in
847 688 910 748 alas

164 785 238 865 Ipse
252 805 343 845 suum
357 804 476 863 corpus,
491 794 636 863 motaque
651 784 800 863 pependit
814 783 845 842 in
861 795 942 844 aura
1077 785 1116 846 20

164 881 295 941 Instruit
308 891 341 940 et
354 891 471 954 natum,
485 889 503 917 ‘⁴
512 880 620 941 Medio
632 879 649 910 '⁹
665 901 723 961 que
737 889 800 941 “ut
814 880 912 942 limite
927 900 1037 956 curras,

164 976 277 1050 Ioare,’'
292 977 334 1036 ait
348 984 366 1013 ‘⁴
377 997 497 1050 moneo,
512 997 559 1050 ne,
574 977 602 1036 si
616 977 778 1037 demissior
790 977 856 1050 ibis,

164 1071 262 1134 Unda
274 1083 383 1152 gravet
397 1093 523 1152 pennas,
537 1073 564 1132 si
578 1073 696 1147 celsior,
710 1073 790 1152 ignis
805 1073 933 1133 adurat:

164 1170 252 1230 Inter
265 1182 428 1250 utrumque
443 1170 523 1230 vola.
562 1169 678 1230 Necte
693 1179 831 1248 spectare
846 1169 966 1228 Booten

164 1268 232 1328 Aut
245 1267 375 1328 Helicen
390 1268 490 1340 iubeo,
504 1267 708 1346 strictumque
723 1266 844 1326 Orionis
861 1285 984 1324 ensem:
1076 1267 1115 1326 25

163 1363 218 1424 Me
233 1365 310 1423 duce
324 1384 414 1443 carpe
428 1362 536 1423 viam.”
578 1363 700 1423 Pariter·
713 1373 877 1442 praecepta
892 1361 1016 1422 volandi

164 1460 282 1534 Tradit,
296 1469 328 1520 et
341 1461 463 1540 ignotas
477 1459 613 1519 humeris
623 1460 841 1520 adcommodat
855 1459 927 1518 alas.

163 1556 252 1618 Inter
266 1577 342 1636 opus
359 1558 554 1637 monitusque
568 1577 666 1636 genae
681 1557 827 1616 maduere
843 1556 962 1629 seniles,

163 1653 207 1714 Et
220 1655 336 1733 patriae
351 1664 503 1714 tremuere
518 1674 635 1714 manus.
675 1653 775 1714 Dedit
790 1655 893 1714 oscula
908 1665 982 1713 nato

162 1750 196 1810 N
197 1771 235 1810 on
251 1751 362 1810 iterum
377 1751 544 1830 repetenda
558 1771 622 1823 suo,
636 1751 807 1830 pennisque
822 1750 941 1810 levatus
1075 1752 1113 1810 30

161 1848 248 1908 Ante
261 1849 355 1921 volat,
369 1848 534 1926 comitique
549 1848 648 1921 timet,
663 1849 750 1908 velut
765 1849 837 1922 ales,
852 1848 891 1906 ab
905 1848 968 1907 alto

162 1944 250 2018 Quae
264 1955 402 2006 teneram
416 1945 532 2024 prolem
548 1945 695 2023 produxit
708 1945 739 2005 in
756 1955 826 2005 aera
840 1944 931 2005 nido:

161 2042 372 2121 Hortatusque
387 2042 482 2121 sequi,
497 2043 720 2123 damnosasque
735 2043 837 2103 erudit
852 2054 940 2116 artes,

160 2139 204 2199 Et
217 2150 322 2199 movet
336 2140 402 2217 ipse
417 2149 535 2198 suaset
550 2140 614 2199 uati
629 2139 754 2219 respicit
770 2141 842 2199 alas.

160 2236 229 2296 Hos
243 2236 359 2315 aliquis,
373 2236 505 2295 tremula
519 2237 592 2295 dum
607 2247 713 2315 captat
728 2236 877 2296 arundine
891 2234 998 2315 pisces,
1073 2234 1111 2294 35

160 2332 228 2410 Aut
241 2345 347 2411 pastor
360 2333 478 2405 baculo,
493 2333 611 2392 stivave
623 2333 746 2392 innixus
761 2343 872 2405 arator,

159 2428 259 2500 Vidit,
274 2440 305 2489 et
320 2429 488 2507 obstupuit,
503 2430 615 2508 quique
631 2432 755 2489 aethera
769 2449 892 2507 carpere
907 2436 1041 2507 possent,

160 2526 300 2587 Credidit
315 2547 380 2585 esse
396 2526 478 2585 deos.
519 2524 562 2585 Et
576 2526 638 2585 iam
652 2526 785 2585 Iunonia
799 2526 886 2585 laeva

158 2622 253 2682 Parte
269 2623 386 2694 Samos,
399 2622 521 2682 fuerant
535 2622 691 2701 Delosque
707 2622 864 2699 Parosque
880 2620 1010 2692 relictae,

157 2718 277 2778 Dextra
288 2718 458 2777 Lebinthos
481 2729 547 2778 erat
571 2719 762 2797 fecundaque
779 2718 868 2776 melle
883 2717 1050 2795 Calymne:
1070 2716 1108 2776 40

159 2814 237 2875 (lum
252 2834 328 2893 puer
342 2814 450 2874 audaci
466 2816 568 2894 coepit
581 2816 717 2894 gaudere
732 2814 846 2886 volatu,

157 2909 363 2988 Deseruitque
378 2911 497 2984 ducem,
512 2913 648 2989 caelique
659 2896 806 2989 ¹cupidine
821 2918 936 2982 tractus

189 3067 223 3115 17.
239 3066 359 3125 Mollibat]
391 3066 431 3112 An
445 3070 541 3114 ancient
554 3068 619 3115 form
676 3068 712 3113 35.
728 3068 827 3127 aliquis]
859 3066 1051 3124 ‘Manyaone’

158 3134 334 3181 tormentetur.
676 3138 712 3186 37.
726 3136 833 3196 possent]
874 3136 927 3183 The
952 3135 1108 3193 subjunctive

188 3204 222 3249 19.
238 3204 266 3248 ia
281 3203 345 3263 alas]
376 3204 393 3249 i.
413 3216 434 3250 e.
452 3206 562 3249 between
576 3206 617 3251 the
648 3206 677 3250 of
689 3218 770 3268 cause.

157 3273 243 3329 wlngs.
456 3270 460 3280 ’
675 3276 710 3320 38.
727 3274 973 3333 larzenta-Samos]
1012 3274 1106 3326 Samos,

185 3339 222 3386 2⁰.
238 3340 315 3399 motti]
347 3340 386 3386 Sc.
397 3339 452 3386 alis.
646 3342 726 3399 Argos
737 3342 913 3399 andCarthnge
921 3353 982 3387 were
991 3340 1106 3397 especial-

127 3455 129 3460 .
184 3410 222 3456 33.
239 3410 359 3455 Hortatur
375 3408 452 3469 seper]
492 3408 515 3453 A
543 3408 617 3455 Grae·
647 3410 673 3465 ly
684 3411 784 3455 favored
796 3412 828 3466 by
839 3410 905 3456 iuno
917 3410 967 3456 and
975 3408 1105 3456 contained

157 3478 553 3537 cismfortoraturursequotur.
647 3478 888 3535 herchieftemples.
