2492 3900
332 263 497 333 Latmus,
523 273 607 325 SIVE
635 272 685 323 DE
709 272 891 325 AMICITIA.
1022 274 1089 333 261'

126 450 240 521 rerum,
256 446 362 509 alienis
376 448 466 509 nimis
478 449 617 529 inplicari
627 450 792 509 molestum
801 469 888 523 esse3
902 448 1082 509 commodis-

118 540 237 607 simum
253 566 320 605 etse
336 565 427 625 quam
443 546 615 608 laxissimas
636 547 773 605 habenas
792 540 905 605 habere
920 545 1081 619 amicitiae,
1176 600 1193 616 s

127 663 202 722 quas
221 643 270 703 vel
293 642 430 702 adducas
451 664 518 701 cum
541 643 617 723 uelis
637 644 686 702 vel
706 643 867 715 remittas3
891 653 984 720 caput
998 643 1080 701 enirn

47 756 50 761 ·
126 760 193 799 esse
208 740 247 799 ad
269 741 360 800 beate
376 726 778 812 vivendum''ibent-itatem,
793 750 853 818 qua
865 738 925 798 frui
940 760 1000 797 non
1016 759 1081 818 pos-

127 838 166 896 sit
190 836 318 911 animus,
338 837 363 896 si
385 847 544 921 tamquam
573 837 725 914 parturiat
748 856 828 895 unus
853 856 909 915 pro
932 836 1081 915 pluribus.
1109 840 1127 899 5

127 934 174 993 46.
195 934 284 993 Alios
300 946 402 993 autem
415 933 517 993 dicere
539 932 626 991 aiunt
648 932 748 992 multo
769 932 863 996 etiarn
885 933 1081 993 inhumanius

126 1064 168 1076 -
181 1052 271 1110 quem
288 1032 387 1091 locum
399 1031 536 1091 breviter
549 1030 654 1110 paullo
668 1040 740 1089 ante
751 1031 1082 1111 perstrinxi-praesi-

128 1126 171 1185 dii
186 1128 415 1207 adiumentique
427 1139 526 1201 causa,
537 1148 598 1187 nou
614 1127 850 1188 benevolentiae
861 1148 961 1208 neque
974 1129 1083 1188 carita·

127 1224 176 1297 tis,
191 1223 340 1283 amicitias
362 1244 429 1283 esse
448 1224 659 1303 expetendas;
679 1224 794 1304 itaque,
804 1236 839 1285 ut
853 1226 982 1306 quisque
997 1225 1082 1284 mini-

127 1339 211 1380 mum
224 1319 378 1380 firmitatis
393 1322 522 1381 baberet
542 1321 767 1402 minimumque
790 1322 909 1396 virium,
924 1322 969 1382 ita
982 1321 1128 1382 amici-10

127 1417 187 1479 tias
198 1418 343 1497 adpetere
358 1418 509 1477 maxime:
532 1438 570 1478 ex
585 1439 623 1478 eo
638 1418 712 1493 ficri,
724 1430 759 1479 ut
773 1420 969 1480 mulierculae
983 1420 1081 1499 magis

128 1515 331 1577 amicitiarum
353 1515 506 1594 praesidia
525 1528 676 1595 quaerant
703 1537 795 1597 quam
820 1517 887 1591 viri,
914 1527 947 1577 et
973 1516 1081 1596 inopes

129 1631 220 1690 quam
232 1611 379 1690 opulenti,
390 1620 422 1671 et
433 1611 602 1672 calamitosi
618 1633 712 1692 quam
722 1613 753 1687 ii,
764 1616 816 1692 qui
831 1624 980 1693 putantur
989 1613 1081 1672 beati.

128 1706 224 1767 tto
254 1708 439 1786 praeclaram
465 1708 667 1787 sapientiam!
710 1709 815 1769 Solem
836 1708 919 1769 enim
933 1729 950 1769 e
965 1710 1081 1768 mundo

127 1804 234 1865 tollere
247 1804 391 1865 videntur
401 1804 432 1879 ii,
448 1805 499 1884 qui
512 1805 678 1866 amicitiam
691 1827 708 1865 e
720 1807 785 1865 vita
795 1807 918 1880 tollunt,
933 1817 994 1885 qua
1006 1806 1082 1865 nibil
1091 1804 1128 1863 15

129 1920 147 1962 a
171 1902 217 1962 dis
241 1901 455 1962 inmortalibus
480 1902 590 1963 melius
620 1903 781 1976 babemus,
811 1902 887 1962 nihil
911 1901 1096 1987 iucundius..

128 1999 216 2072 Quae
238 2011 286 2060 est
305 2000 387 2059 enim
407 2000 466 2060 ista
487 2001 660 2060 securitas?
686 2000 805 2080 Specie
820 2000 946 2081 quidem
961 2001 1082 2075 blanda,
1101 1993 1109 2000 ⁸

128 2097 180 2156 sed
197 2117 304 2176 reapse
326 2097 431 2156 multis
456 2097 531 2156 locis
553 2097 755 2176 repudianda.
796 2097 909 2177 Neque
930 2098 1013 2158 enim
1035 2109 1082 2158 est

129 2204 369 2253 consentaneum
385 2194 478 2253 ullam
494 2195 658 2253 honestam
672 2215 738 2253 rem
759 2194 963 2268 actioncmre,
973 2215 1012 2254 ne
1026 2195 1082 2254 sol·
1130 2242 1135 2249 .

128 2289 230 2349 licitus
246 2289 295 2363 sis,
309 2298 364 2349 aut
383 2310 446 2348 non
469 2289 624 2368 suscipere
646 2300 700 2350 aut
721 2301 896 2370 susceptam
917 2291 1128 2370 deponerem

129 2385 222 2458 Quod
250 2387 277 2446 si
305 2405 409 2446 curam
436 2386 582 2465 fugimus,
609 2387 710 2447 virtus
743 2387 892 2466 fugienda
919 2396 975 2462 est,
1002 2406 1080 2466 quae

128 2502 253 2548 necesse
268 2494 316 2543 est
329 2503 401 2542 cum
415 2482 517 2562 aliqua
531 2494 604 2543 eura
618 2504 667 2543 res
680 2483 739 2544 sibi
752 2483 921 2544 contrarias
942 2503 1082 2565 asperne-

128 2590 181 2641 tur
204 2589 296 2659 atque
325 2579 427 2639 oderit
435 2599 444 2652 3
477 2588 512 2639 ut
536 2579 661 2638 bonitas
692 2580 850 2653 malitiam,
877 2577 1081 2658 temperantia

128 2677 296 2751 libidinem,
319 2676 475 2756 ignaviam
500 2675 662 2737 fortitudo.
717 2676 828 2755 Itaque
857 2675 963 2734 videas
989 2675 1081 2734 rebus

128 2773 248 2833 iniustis
262 2773 360 2834 iustos
376 2773 511 2832 maxime
534 2773 649 2847 dolere,
664 2773 828 2832 inbellibus
848 2772 951 2844 fortes,
971 2770 1140 2850 flagiti-25-

129 2869 188 2928 osis
204 2871 370 2930 modestos.
404 2869 489 2949 Ergo
504 2870 563 2929 hoc
579 2870 737 2949 proprium
751 2885 800 2928 est
816 2869 909 2928 animi
921 2869 999 2927 bene
1013 2888 1083 2927 con·

129 2967 240 3040 stituti,
255 2978 287 3027 et
301 2967 409 3026 lactari
423 2967 512 3027 bonis
533 2967 627 3027 rebus
647 2977 681 3027 et
699 2967 803 3027 dolere
826 2964 994 3025 contrariis.
1034 2965 1082 3024 48.
1119 3028 1121 3033 ,

157 3124 178 3170 3.
195 3126 467 3185 caput-securitatem]
512 3125 591 3173 ‘ruat
650 3126 685 3172 13.
701 3125 850 3185 calamiten]
891 3125 1022 3170 ‘Tlrosein
1032 3122 1106 3169 dis-¹

127 3195 169 3240 the
185 3196 253 3241 chief
264 3196 334 3252 thing
349 3197 505 3253 for-anappy
516 3195 559 3242 lile
569 3198 591 3240 is
619 3196 698 3241 trcss.'
1101 3226 1104 3232 ,

128 3261 238 3308 lreedom
250 3265 311 3308 from
323 3265 394 3309 care!
651 3265 685 3309 14.
704 3264 725 3309 0
745 3263 900 3322 praeclaram
923 3259 1080 3320 sapientiam]

156 3331 178 3377 6.
194 3331 362 3391 inhumanitas]
394 3333 480 3377 ‘More
496 3331 589 3377 uufeel-
619 3332 718 3389 spoken
729 3333 866 3388 ironirally.

128 3401 213 3458 lngus
647 3401 683 3445 21.
699 3402 771 3460 quae]
803 3398 1023 3445 Referstoviraa.

157 3471 179 3520 7.
192 3470 349 3530 paulloacle]
380 3470 411 3516 Iu
427 3470 528 3527 chapter
539 3469 589 3514 vili.
647 3468 839 3527 anteponetur
855 3489 885 3500 -
901 3467 988 3525 oderit]
1019 3466 1082 3510 Sub-

156 3541 178 3586 9.
194 3540 283 3599 itaque]
310 3541 336 3586 Is
346 3541 404 3588 here
414 3539 556 3596 equivalent
566 3546 591 3584 to
617 3536 740 3595 janctives
751 3538 809 3582 with
820 3540 849 3583 ut
857 3536 962 3582 omitted
971 3534 1034 3580 aster
1043 3548 1082 3579 rre-

128 3613 198 3670 atque
213 3609 257 3666 ita,
267 3609 331 3657 ‘and
340 3607 516 3666 accordingly!
620 3620 683 3653 cesse
692 3611 735 3653 est.
