<?xml version="1.0" encoding="UTF-8"?>
<!DOCTYPE html PUBLIC "-//W3C//DTD XHTML 1.0 Transitional//EN"
    "http://www.w3.org/TR/xhtml1/DTD/xhtml1-transitional.dtd">
<html xmlns="http://www.w3.org/1999/xhtml" xml:lang="en" lang="en">
 <head>
  <title>
</title>
<meta http-equiv="Content-Type" content="text/html;charset=utf-8" />
  <meta name='ocr-system' content='tesseract 3.04.00' />
  <meta name='ocr-capabilities' content='ocr_page ocr_carea ocr_par ocr_line ocrx_word'/>
</head>
<body>
  <div class='ocr_page' id='page_1' title='image "./selectionsfroml00gardgoog_0141.png"; bbox 0 0 2492 3900; ppageno 0'>
   <div class='ocr_carea' id='block_1_1' title="bbox 232 237 1056 316">
    <p class='ocr_par' dir='ltr' id='par_1_1' title="bbox 232 237 1056 316">
     <span class='ocr_line' id='line_1_1' title="bbox 232 237 1056 316; baseline 0.006 -30"><span class='ocrx_word' id='word_1_1' title='bbox 232 305 238 316; x_wconf 29' lang='lat'><strong><em>‘</em></strong></span> <span class='ocrx_word' id='word_1_2' title='bbox 301 237 518 288; x_wconf 76' lang='lat' dir='ltr'>ALEXANDRI</span> <span class='ocrx_word' id='word_1_3' title='bbox 542 237 662 289; x_wconf 73' lang='lat' dir='ltr'>MAGNI</span> <span class='ocrx_word' id='word_1_4' title='bbox 685 237 796 288; x_wconf 76' lang='lat' dir='ltr'>Lissa</span> <span class='ocrx_word' id='word_1_5' title='bbox 819 238 855 287; x_wconf 79' lang='lat' dir='ltr'>V.</span> <span class='ocrx_word' id='word_1_6' title='bbox 997 239 1056 300; x_wconf 75' lang='lat'>129</span> 
     </span>
    </p>
   </div>
   <div class='ocr_carea' id='block_1_2' title="bbox 100 414 1104 2531">
    <p class='ocr_par' dir='ltr' id='par_1_2' title="bbox 100 414 1104 1365">
     <span class='ocr_line' id='line_1_2' title="bbox 101 414 1056 496; baseline 0 -20"><span class='ocrx_word' id='word_1_7' title='bbox 101 414 239 476; x_wconf 89' lang='lat' dir='ltr'>dendam</span> <span class='ocrx_word' id='word_1_8' title='bbox 263 415 379 490; x_wconf 89' lang='lat' dir='ltr'>urbem,</span> <span class='ocrx_word' id='word_1_9' title='bbox 399 415 448 477; x_wconf 91' lang='lat' dir='ltr'>cui</span> <span class='ocrx_word' id='word_1_10' title='bbox 474 416 583 476; x_wconf 88' lang='lat' dir='ltr'>armati</span> <span class='ocrx_word' id='word_1_11' title='bbox 607 425 816 496; x_wconf 78' lang='lat' dir='ltr'>pepercerant.</span> <span class='ocrx_word' id='word_1_12' title='bbox 857 414 982 476; x_wconf 83' lang='lat' dir='ltr'><strong>Primus</strong></span> <span class='ocrx_word' id='word_1_13' title='bbox 1001 435 1056 476; x_wconf 87' lang='lat' dir='ltr'>rex</span> 
     </span>
     <span class='ocr_line' id='line_1_3' title="bbox 101 512 1057 593; baseline 0 -21"><span class='ocrx_word' id='word_1_14' title='bbox 101 512 207 592; x_wconf 85' lang='lat' dir='ltr'><strong>ignem</strong></span> <span class='ocrx_word' id='word_1_15' title='bbox 221 513 323 593; x_wconf 83' lang='lat' dir='ltr'>regiae</span> <span class='ocrx_word' id='word_1_16' title='bbox 346 513 456 587; x_wconf 86' lang='lat' dir='ltr'>iniecit,</span> <span class='ocrx_word' id='word_1_17' title='bbox 470 524 536 574; x_wconf 89' lang='lat' dir='ltr'>tum</span> <span class='ocrx_word' id='word_1_18' title='bbox 559 513 710 574; x_wconf 87' lang='lat' dir='ltr'>convivae</span> <span class='ocrx_word' id='word_1_19' title='bbox 725 523 758 574; x_wconf 89' lang='lat' dir='ltr'>ct</span> <span class='ocrx_word' id='word_1_20' title='bbox 772 513 904 573; x_wconf 87' lang='lat' dir='ltr'>ministri</span> <span class='ocrx_word' id='word_1_21' title='bbox 923 513 1057 593; x_wconf 87' lang='lat' dir='ltr'>pellices·</span> 
     </span>
     <span class='ocr_line' id='line_1_4' title="bbox 102 607 1057 692; baseline 0 -23"><span class='ocrx_word' id='word_1_22' title='bbox 102 629 172 688; x_wconf 91' lang='lat' dir='ltr'>que.</span> <span class='ocrx_word' id='word_1_23' title='bbox 212 607 316 670; x_wconf 71' lang='lat' dir='ltr'>Multa</span> <span class='ocrx_word' id='word_1_24' title='bbox 329 610 421 671; x_wconf 90' lang='lat' dir='ltr'>cedro</span> <span class='ocrx_word' id='word_1_25' title='bbox 436 611 597 670; x_wconf 88' lang='lat' dir='ltr'>aedificata</span> <span class='ocrx_word' id='word_1_26' title='bbox 611 619 678 671; x_wconf 92' lang='lat' dir='ltr'>erat</span> <span class='ocrx_word' id='word_1_27' title='bbox 690 611 793 692; x_wconf 89' lang='lat' dir='ltr'>regia:</span> <span class='ocrx_word' id='word_1_28' title='bbox 815 630 902 690; x_wconf 89' lang='lat' dir='ltr'>quac,</span> <span class='ocrx_word' id='word_1_29' title='bbox 916 610 1057 672; x_wconf 77' lang='lat' dir='ltr'>celeriter</span> 
     </span>
     <span class='ocr_line' id='line_1_5' title="bbox 101 705 1056 786; baseline 0 -20"><span class='ocrx_word' id='word_1_30' title='bbox 101 705 174 786; x_wconf 90' lang='lat' dir='ltr'>igne</span> <span class='ocrx_word' id='word_1_31' title='bbox 189 718 348 786; x_wconf 88' lang='lat' dir='ltr'>concepto,</span> <span class='ocrx_word' id='word_1_32' title='bbox 362 707 425 766; x_wconf 90' lang='lat' dir='ltr'>late</span> <span class='ocrx_word' id='word_1_33' title='bbox 439 708 520 766; x_wconf 90' lang='lat' dir='ltr'>fudit</span> <span class='ocrx_word' id='word_1_34' title='bbox 540 707 727 768; x_wconf 83' lang='lat' dir='ltr'>incendium.</span> <span class='ocrx_word' id='word_1_35' title='bbox 768 706 862 780; x_wconf 81' lang='lat' dir='ltr'>Quod</span> <span class='ocrx_word' id='word_1_36' title='bbox 878 707 931 767; x_wconf 93' lang='lat' dir='ltr'>ubi</span> <span class='ocrx_word' id='word_1_37' title='bbox 945 707 1056 768; x_wconf 87' lang='lat' dir='ltr'>exerci-</span> 
     </span>
     <span class='ocr_line' id='line_1_6' title="bbox 100 800 1104 884; baseline -0.002 -22"><span class='ocrx_word' id='word_1_38' title='bbox 100 813 161 876; x_wconf 87' lang='lat' dir='ltr'>tus,</span> <span class='ocrx_word' id='word_1_39' title='bbox 176 803 229 882; x_wconf 91' lang='lat' dir='ltr'>qui</span> <span class='ocrx_word' id='word_1_40' title='bbox 250 803 334 862; x_wconf 87' lang='lat' dir='ltr'>haud</span> <span class='ocrx_word' id='word_1_41' title='bbox 359 805 467 883; x_wconf 90' lang='lat' dir='ltr'>procul</span> <span class='ocrx_word' id='word_1_42' title='bbox 488 805 563 864; x_wconf 88' lang='lat' dir='ltr'>urhe</span> <span class='ocrx_word' id='word_1_43' title='bbox 585 804 745 879; x_wconf 89' lang='lat' dir='ltr'>tendebat,</span> <span class='ocrx_word' id='word_1_44' title='bbox 764 804 934 884; x_wconf 82' lang='lat' dir='ltr'>conspexit,</span> <span class='ocrx_word' id='word_1_45' title='bbox 952 804 1056 864; x_wconf 82' lang='lat' dir='ltr'>fortui-</span> <span class='ocrx_word' id='word_1_46' title='bbox 1086 800 1104 860; x_wconf 83' lang='lat'>5</span> 
     </span>
     <span class='ocr_line' id='line_1_7' title="bbox 101 893 1055 978; baseline 0.002 -20"><span class='ocrx_word' id='word_1_47' title='bbox 101 893 170 958; x_wconf 89' lang='lat' dir='ltr'>tuni</span> <span class='ocrx_word' id='word_1_48' title='bbox 195 910 288 973; x_wconf 89' lang='lat' dir='ltr'>ratus,</span> <span class='ocrx_word' id='word_1_49' title='bbox 303 899 343 958; x_wconf 91' lang='lat' dir='ltr'>ad</span> <span class='ocrx_word' id='word_1_50' title='bbox 371 920 461 978; x_wconf 89' lang='lat' dir='ltr'>opem</span> <span class='ocrx_word' id='word_1_51' title='bbox 489 901 648 960; x_wconf 85' lang='lat' dir='ltr'>ferendam</span> <span class='ocrx_word' id='word_1_52' title='bbox 664 900 826 961; x_wconf 84' lang='lat' dir='ltr'>concurrit.</span> <span class='ocrx_word' id='word_1_53' title='bbox 869 900 932 961; x_wconf 88' lang='lat' dir='ltr'>Sed</span> <span class='ocrx_word' id='word_1_54' title='bbox 956 909 991 960; x_wconf 92' lang='lat' dir='ltr'>ut</span> <span class='ocrx_word' id='word_1_55' title='bbox 1014 897 1055 960; x_wconf 86' lang='lat' dir='ltr'>ad</span> 
     </span>
     <span class='ocr_line' id='line_1_8' title="bbox 100 994 1056 1076; baseline 0.001 -22"><span class='ocrx_word' id='word_1_56' title='bbox 100 994 289 1055; x_wconf 88' lang='lat' dir='ltr'>vestibulum</span> <span class='ocrx_word' id='word_1_57' title='bbox 303 996 407 1075; x_wconf 82' lang='lat' dir='ltr'>regiae</span> <span class='ocrx_word' id='word_1_58' title='bbox 422 1006 551 1056; x_wconf 87' lang='lat' dir='ltr'>ventum</span> <span class='ocrx_word' id='word_1_59' title='bbox 566 1006 623 1070; x_wconf 86' lang='lat' dir='ltr'>est,</span> <span class='ocrx_word' id='word_1_60' title='bbox 638 996 748 1057; x_wconf 87' lang='lat' dir='ltr'>vident</span> <span class='ocrx_word' id='word_1_61' title='bbox 762 1017 868 1076; x_wconf 91' lang='lat' dir='ltr'>regem</span> <span class='ocrx_word' id='word_1_62' title='bbox 888 997 989 1076; x_wconf 92' lang='lat' dir='ltr'>ipsum</span> <span class='ocrx_word' id='word_1_63' title='bbox 1003 995 1056 1057; x_wconf 90' lang='lat' dir='ltr'>ad·</span> 
     </span>
     <span class='ocr_line' id='line_1_9' title="bbox 100 1092 1056 1173; baseline 0.003 -23"><span class='ocrx_word' id='word_1_64' title='bbox 100 1092 163 1151; x_wconf 89' lang='lat' dir='ltr'>huc</span> <span class='ocrx_word' id='word_1_65' title='bbox 183 1103 384 1171; x_wconf 85' lang='lat' dir='ltr'>aggerentem</span> <span class='ocrx_word' id='word_1_66' title='bbox 408 1093 472 1173; x_wconf 85' lang='lat' dir='ltr'>igni</span> <span class='ocrx_word' id='word_1_67' title='bbox 494 1094 585 1153; x_wconf 81' lang='lat' dir='ltr'>faces.</span> <span class='ocrx_word' id='word_1_68' title='bbox 628 1094 750 1154; x_wconf 78' lang='lat' dir='ltr'>Omissa</span> <span class='ocrx_word' id='word_1_69' title='bbox 764 1093 867 1173; x_wconf 89' lang='lat' dir='ltr'>igitur,</span> <span class='ocrx_word' id='word_1_70' title='bbox 881 1113 975 1172; x_wconf 91' lang='lat' dir='ltr'>quam</span> <span class='ocrx_word' id='word_1_71' title='bbox 987 1113 1056 1173; x_wconf 89' lang='lat' dir='ltr'>por·</span> 
     </span>
     <span class='ocr_line' id='line_1_10' title="bbox 101 1185 1055 1269; baseline 0.001 -20"><span class='ocrx_word' id='word_1_72' title='bbox 101 1199 254 1263; x_wconf 76' lang='lat' dir='ltr'>tererent,</span> <span class='ocrx_word' id='word_1_73' title='bbox 273 1201 361 1269; x_wconf 79' lang='lat' dir='ltr'>aqua,</span> <span class='ocrx_word' id='word_1_74' title='bbox 382 1190 499 1250; x_wconf 88' lang='lat' dir='ltr'>aridam</span> <span class='ocrx_word' id='word_1_75' title='bbox 517 1191 678 1251; x_wconf 84' lang='lat' dir='ltr'>materiem</span> <span class='ocrx_word' id='word_1_76' title='bbox 702 1191 735 1250; x_wconf 91' lang='lat' dir='ltr'>iu</span> <span class='ocrx_word' id='word_1_77' title='bbox 756 1185 935 1252; x_wconf 85' lang='lat' dir='ltr'>ince&#39;ndium</span> <span class='ocrx_word' id='word_1_78' title='bbox 956 1190 1055 1252; x_wconf 89' lang='lat' dir='ltr'>iacere</span> 
     </span>
     <span class='ocr_line' id='line_1_11' title="bbox 101 1295 1103 1365; baseline 0.011 -20"><span class='ocrx_word' id='word_1_79' title='bbox 101 1297 279 1365; x_wconf 88' lang='lat' dir='ltr'>coeperunt.</span> <span class='ocrx_word' id='word_1_80' title='bbox 1065 1295 1103 1356; x_wconf 93' lang='lat'>10</span> 
     </span>
    </p>

    <p class='ocr_par' dir='ltr' id='par_1_3' title="bbox 101 1381 1103 2531">
     <span class='ocr_line' id='line_1_12' title="bbox 141 1381 1055 1464; baseline 0.001 -22"><span class='ocrx_word' id='word_1_81' title='bbox 141 1381 267 1444; x_wconf 88' lang='lat' dir='ltr'>XVIII.</span> <span class='ocrx_word' id='word_1_82' title='bbox 291 1383 385 1444; x_wconf 90' lang='lat' dir='ltr'>Hunc</span> <span class='ocrx_word' id='word_1_83' title='bbox 396 1385 513 1444; x_wconf 88' lang='lat' dir='ltr'>exitum</span> <span class='ocrx_word' id='word_1_84' title='bbox 523 1383 632 1444; x_wconf 88' lang='lat' dir='ltr'>habuit</span> <span class='ocrx_word' id='word_1_85' title='bbox 643 1384 727 1464; x_wconf 86' lang='lat' dir='ltr'>regia</span> <span class='ocrx_word' id='word_1_86' title='bbox 741 1384 837 1445; x_wconf 87' lang='lat' dir='ltr'>totius</span> <span class='ocrx_word' id='word_1_87' title='bbox 853 1384 986 1458; x_wconf 88' lang='lat' dir='ltr'>orientis,</span> <span class='ocrx_word' id='word_1_88' title='bbox 1001 1404 1055 1444; x_wconf 92' lang='lat' dir='ltr'>un-</span> 
     </span>
     <span class='ocr_line' id='line_1_13' title="bbox 101 1480 1056 1562; baseline 0.002 -23"><span class='ocrx_word' id='word_1_89' title='bbox 101 1480 141 1540; x_wconf 91' lang='lat' dir='ltr'>de</span> <span class='ocrx_word' id='word_1_90' title='bbox 155 1490 203 1541; x_wconf 93' lang='lat' dir='ltr'>tot</span> <span class='ocrx_word' id='word_1_91' title='bbox 217 1489 327 1560; x_wconf 85' lang='lat' dir='ltr'>gentes</span> <span class='ocrx_word' id='word_1_92' title='bbox 341 1491 433 1540; x_wconf 86' lang='lat' dir='ltr'>antea</span> <span class='ocrx_word' id='word_1_93' title='bbox 446 1481 512 1541; x_wconf 83' lang='lat' dir='ltr'>iura</span> <span class='ocrx_word' id='word_1_94' title='bbox 526 1482 683 1561; x_wconf 89' lang='lat' dir='ltr'>petebant,</span> <span class='ocrx_word' id='word_1_95' title='bbox 695 1481 793 1560; x_wconf 88' lang='lat' dir='ltr'>patria</span> <span class='ocrx_word' id='word_1_96' title='bbox 802 1491 851 1542; x_wconf 93' lang='lat' dir='ltr'>tot</span> <span class='ocrx_word' id='word_1_97' title='bbox 860 1501 976 1562; x_wconf 90' lang='lat' dir='ltr'>regum,</span> <span class='ocrx_word' id='word_1_98' title='bbox 990 1480 1056 1541; x_wconf 90' lang='lat' dir='ltr'>uni·</span> 
     </span>
     <span class='ocr_line' id='line_1_14' title="bbox 101 1576 1055 1657; baseline 0.001 -20"><span class='ocrx_word' id='word_1_99' title='bbox 101 1597 155 1637; x_wconf 92' lang='lat' dir='ltr'>cus</span> <span class='ocrx_word' id='word_1_100' title='bbox 169 1577 324 1657; x_wconf 90' lang='lat' dir='ltr'>quondam</span> <span class='ocrx_word' id='word_1_101' title='bbox 340 1578 487 1638; x_wconf 83' lang='lat' dir='ltr'>Graeciae</span> <span class='ocrx_word' id='word_1_102' title='bbox 501 1589 607 1651; x_wconf 88' lang='lat' dir='ltr'>terror,</span> <span class='ocrx_word' id='word_1_103' title='bbox 622 1579 731 1638; x_wconf 90' lang='lat' dir='ltr'>molita</span> <span class='ocrx_word' id='word_1_104' title='bbox 745 1578 827 1636; x_wconf 89' lang='lat' dir='ltr'>mille</span> <span class='ocrx_word' id='word_1_105' title='bbox 842 1576 969 1637; x_wconf 87' lang='lat' dir='ltr'>navium</span> <span class='ocrx_word' id='word_1_106' title='bbox 983 1578 1055 1638; x_wconf 90' lang='lat' dir='ltr'>olas-</span> 
     </span>
     <span class='ocr_line' id='line_1_15' title="bbox 101 1673 1056 1753; baseline 0.001 -21"><span class='ocrx_word' id='word_1_107' title='bbox 101 1693 167 1732; x_wconf 89' lang='lat' dir='ltr'>sem</span> <span class='ocrx_word' id='word_1_108' title='bbox 179 1683 211 1732; x_wconf 89' lang='lat' dir='ltr'>ct</span> <span class='ocrx_word' id='word_1_109' title='bbox 221 1674 382 1746; x_wconf 89' lang='lat' dir='ltr'>exercitus,</span> <span class='ocrx_word' id='word_1_110' title='bbox 398 1674 508 1753; x_wconf 91' lang='lat' dir='ltr'>quibus</span> <span class='ocrx_word' id='word_1_111' title='bbox 520 1673 645 1753; x_wconf 84' lang='lat' dir='ltr'>Europa</span> <span class='ocrx_word' id='word_1_112' title='bbox 655 1673 806 1734; x_wconf 89' lang='lat' dir='ltr'>inundata</span> <span class='ocrx_word' id='word_1_113' title='bbox 815 1684 871 1748; x_wconf 90' lang='lat' dir='ltr'>est,</span> <span class='ocrx_word' id='word_1_114' title='bbox 881 1675 1056 1733; x_wconf 89' lang='lat' dir='ltr'>contabula-</span> 
     </span>
     <span class='ocr_line' id='line_1_16' title="bbox 101 1769 1103 1850; baseline 0.007 -22"><span class='ocrx_word' id='word_1_115' title='bbox 101 1780 135 1829; x_wconf 90' lang='lat' dir='ltr'>to</span> <span class='ocrx_word' id='word_1_116' title='bbox 148 1769 224 1829; x_wconf 90' lang='lat' dir='ltr'>mari</span> <span class='ocrx_word' id='word_1_117' title='bbox 236 1770 366 1830; x_wconf 90' lang='lat' dir='ltr'>molibus</span> <span class='ocrx_word' id='word_1_118' title='bbox 374 1770 576 1850; x_wconf 69' lang='lat' dir='ltr'>perfossisque</span> <span class='ocrx_word' id='word_1_119' title='bbox 589 1771 754 1845; x_wconf 87' lang='lat' dir='ltr'>montibus,</span> <span class='ocrx_word' id='word_1_120' title='bbox 763 1771 793 1830; x_wconf 88' lang='lat' dir='ltr'>in</span> <span class='ocrx_word' id='word_1_121' title='bbox 804 1791 933 1850; x_wconf 90' lang='lat' dir='ltr'>quorum</span> <span class='ocrx_word' id='word_1_122' title='bbox 944 1790 1053 1849; x_wconf 84' lang='lat' dir='ltr'>specus</span> <span class='ocrx_word' id='word_1_123' title='bbox 1065 1774 1103 1835; x_wconf 83' lang='lat'>15</span> 
     </span>
     <span class='ocr_line' id='line_1_17' title="bbox 101 1867 1055 1948; baseline 0.002 -22"><span class='ocrx_word' id='word_1_124' title='bbox 101 1868 215 1927; x_wconf 79' lang='lat' dir='ltr'>fretum</span> <span class='ocrx_word' id='word_1_125' title='bbox 228 1867 389 1927; x_wconf 91' lang='lat' dir='ltr'>inmissum</span> <span class='ocrx_word' id='word_1_126' title='bbox 404 1878 459 1927; x_wconf 89' lang='lat' dir='ltr'>est.</span> <span class='ocrx_word' id='word_1_127' title='bbox 503 1869 552 1928; x_wconf 87' lang='lat' dir='ltr'>Ac</span> <span class='ocrx_word' id='word_1_128' title='bbox 567 1889 606 1928; x_wconf 90' lang='lat' dir='ltr'>ne</span> <span class='ocrx_word' id='word_1_129' title='bbox 618 1881 682 1928; x_wconf 90' lang='lat' dir='ltr'>tarn</span> <span class='ocrx_word' id='word_1_130' title='bbox 694 1869 789 1947; x_wconf 75' lang='lat' dir='ltr'>longa</span> <span class='ocrx_word' id='word_1_131' title='bbox 802 1868 927 1948; x_wconf 87' lang='lat' dir='ltr'>quidem</span> <span class='ocrx_word' id='word_1_132' title='bbox 944 1877 1055 1942; x_wconf 88' lang='lat' dir='ltr'>aetate,</span> 
     </span>
     <span class='ocr_line' id='line_1_18' title="bbox 102 1965 1054 2045; baseline 0.002 -22"><span class='ocrx_word' id='word_1_133' title='bbox 102 1985 179 2045; x_wconf 88' lang='lat' dir='ltr'>quae</span> <span class='ocrx_word' id='word_1_134' title='bbox 194 1966 363 2025; x_wconf 82' lang='lat' dir='ltr'>exscidium</span> <span class='ocrx_word' id='word_1_135' title='bbox 379 1965 444 2025; x_wconf 89' lang='lat' dir='ltr'>eius</span> <span class='ocrx_word' id='word_1_136' title='bbox 457 1977 564 2026; x_wconf 87' lang='lat' dir='ltr'>secuta</span> <span class='ocrx_word' id='word_1_137' title='bbox 578 1977 635 2040; x_wconf 69' lang='lat' dir='ltr'>est„</span> <span class='ocrx_word' id='word_1_138' title='bbox 647 1966 820 2026; x_wconf 86' lang='lat' dir='ltr'>resurrexit.</span> <span class='ocrx_word' id='word_1_139' title='bbox 860 1966 949 2026; x_wconf 90' lang='lat' dir='ltr'>Alias</span> <span class='ocrx_word' id='word_1_140' title='bbox 963 1966 1054 2026; x_wconf 87' lang='lat' dir='ltr'>urbes</span> 
     </span>
     <span class='ocr_line' id='line_1_19' title="bbox 101 2062 1054 2143; baseline 0.001 -22"><span class='ocrx_word' id='word_1_141' title='bbox 101 2063 236 2123; x_wconf 84' lang='lat' dir='ltr'>habuere</span> <span class='ocrx_word' id='word_1_142' title='bbox 250 2062 458 2123; x_wconf 80' lang='lat' dir='ltr'>Macedonum</span> <span class='ocrx_word' id='word_1_143' title='bbox 478 2083 575 2142; x_wconf 87' lang='lat' dir='ltr'>reges,</span> <span class='ocrx_word' id='word_1_144' title='bbox 590 2084 666 2143; x_wconf 88' lang='lat' dir='ltr'>quas</span> <span class='ocrx_word' id='word_1_145' title='bbox 687 2084 769 2123; x_wconf 91' lang='lat' dir='ltr'>nunc</span> <span class='ocrx_word' id='word_1_146' title='bbox 789 2063 906 2124; x_wconf 90' lang='lat' dir='ltr'>habent</span> <span class='ocrx_word' id='word_1_147' title='bbox 927 2063 1054 2123; x_wconf 86' lang='lat' dir='ltr'>Parthi:</span> 
     </span>
     <span class='ocr_line' id='line_1_20' title="bbox 101 2159 1054 2239; baseline -0.001 -19"><span class='ocrx_word' id='word_1_148' title='bbox 101 2160 192 2220; x_wconf 88' lang='lat' dir='ltr'>huius</span> <span class='ocrx_word' id='word_1_149' title='bbox 219 2160 384 2239; x_wconf 86' lang='lat' dir='ltr'>vestigium</span> <span class='ocrx_word' id='word_1_150' title='bbox 412 2180 474 2220; x_wconf 92' lang='lat' dir='ltr'>non</span> <span class='ocrx_word' id='word_1_151' title='bbox 501 2160 701 2234; x_wconf 88' lang='lat' dir='ltr'>inveniretur,</span> <span class='ocrx_word' id='word_1_152' title='bbox 729 2160 788 2219; x_wconf 91' lang='lat' dir='ltr'>nisi</span> <span class='ocrx_word' id='word_1_153' title='bbox 810 2159 931 2221; x_wconf 85' lang='lat' dir='ltr'>Araxes</span> <span class='ocrx_word' id='word_1_154' title='bbox 956 2160 1054 2220; x_wconf 88' lang='lat' dir='ltr'>amnis</span> 
     </span>
     <span class='ocr_line' id='line_1_21' title="bbox 103 2255 1102 2335; baseline -0.002 -18"><span class='ocrx_word' id='word_1_155' title='bbox 103 2257 289 2317; x_wconf 88' lang='lat' dir='ltr'>ostenderet.</span> <span class='ocrx_word' id='word_1_156' title='bbox 330 2256 424 2315; x_wconf 85' lang='lat' dir='ltr'>Haud</span> <span class='ocrx_word' id='word_1_157' title='bbox 446 2258 552 2335; x_wconf 89' lang='lat' dir='ltr'>procul</span> <span class='ocrx_word' id='word_1_158' title='bbox 575 2258 736 2316; x_wconf 88' lang='lat' dir='ltr'>moenibus</span> <span class='ocrx_word' id='word_1_159' title='bbox 751 2256 901 2316; x_wconf 87' lang='lat' dir='ltr'>fluxerat:</span> <span class='ocrx_word' id='word_1_160' title='bbox 921 2255 994 2317; x_wconf 85' lang='lat' dir='ltr'>inde</span> <span class='ocrx_word' id='word_1_161' title='bbox 1008 2255 1102 2317; x_wconf 81' lang='lat' dir='ltr'>ur-20</span> 
     </span>
     <span class='ocr_line' id='line_1_22' title="bbox 101 2352 1054 2434; baseline 0 -20"><span class='ocrx_word' id='word_1_162' title='bbox 101 2354 172 2414; x_wconf 92' lang='lat' dir='ltr'>bem</span> <span class='ocrx_word' id='word_1_163' title='bbox 199 2354 291 2413; x_wconf 85' lang='lat' dir='ltr'>fuisse</span> <span class='ocrx_word' id='word_1_164' title='bbox 318 2353 429 2432; x_wconf 88' lang='lat' dir='ltr'>viginti</span> <span class='ocrx_word' id='word_1_165' title='bbox 456 2353 563 2412; x_wconf 90' lang='lat' dir='ltr'>stadiis</span> <span class='ocrx_word' id='word_1_166' title='bbox 591 2354 761 2414; x_wconf 90' lang='lat' dir='ltr'>distantem</span> <span class='ocrx_word' id='word_1_167' title='bbox 792 2352 923 2413; x_wconf 89' lang='lat' dir='ltr'>creduut</span> <span class='ocrx_word' id='word_1_168' title='bbox 956 2352 1054 2434; x_wconf 89' lang='lat' dir='ltr'>magis</span> 
     </span>
     <span class='ocr_line' id='line_1_23' title="bbox 102 2451 454 2531; baseline 0 -21"><span class='ocrx_word' id='word_1_169' title='bbox 102 2472 196 2531; x_wconf 86' lang='lat' dir='ltr'>quam</span> <span class='ocrx_word' id='word_1_170' title='bbox 210 2451 311 2511; x_wconf 91' lang='lat' dir='ltr'>sciunt</span> <span class='ocrx_word' id='word_1_171' title='bbox 324 2452 454 2511; x_wconf 86' lang='lat' dir='ltr'>accolae.</span> 
     </span>
    </p>
   </div>
   <div class='ocr_carea' id='block_1_3' title="bbox 99 2608 1068 3493">
    <p class='ocr_par' dir='ltr' id='par_1_4' title="bbox 100 2608 1068 2806">
     <span class='ocr_line' id='line_1_24' title="bbox 130 2608 1068 2670; baseline -0.003 -14"><span class='ocrx_word' id='word_1_172' title='bbox 130 2611 152 2656; x_wconf 85' lang='grc'>3.</span> <span class='ocrx_word' id='word_1_173' title='bbox 167 2609 248 2670; x_wconf 81' lang='lat' dir='ltr'>cedro]</span> <span class='ocrx_word' id='word_1_174' title='bbox 279 2610 331 2657; x_wconf 88' lang='lat' dir='ltr'>The</span> <span class='ocrx_word' id='word_1_175' title='bbox 342 2611 426 2668; x_wconf 87' lang='lat' dir='ltr'>palace</span> <span class='ocrx_word' id='word_1_176' title='bbox 436 2622 487 2655; x_wconf 87' lang='lat' dir='ltr'>was</span> <span class='ocrx_word' id='word_1_177' title='bbox 499 2610 564 2655; x_wconf 87' lang='lat' dir='ltr'>built</span> <span class='ocrx_word' id='word_1_178' title='bbox 622 2609 657 2655; x_wconf 88' lang='grc'>13.</span> <span class='ocrx_word' id='word_1_179' title='bbox 673 2608 767 2667; x_wconf 82' lang='lat' dir='ltr'>molita]</span> <span class='ocrx_word' id='word_1_180' title='bbox 794 2609 900 2655; x_wconf 86' lang='lat' dir='ltr'>‘Which</span> <span class='ocrx_word' id='word_1_181' title='bbox 910 2609 959 2654; x_wconf 86' lang='lat' dir='ltr'>had</span> <span class='ocrx_word' id='word_1_182' title='bbox 970 2609 1068 2667; x_wconf 47' lang='lat' dir='ltr'>eqqur</span> 
     </span>
     <span class='ocr_line' id='line_1_25' title="bbox 102 2678 657 2737; baseline -0.005 -11"><span class='ocrx_word' id='word_1_183' title='bbox 102 2682 196 2737; x_wconf 78' lang='lat' dir='ltr'>largeiy</span> <span class='ocrx_word' id='word_1_184' title='bbox 212 2682 242 2725; x_wconf 80' lang='lat' dir='ltr'>ot·</span> <span class='ocrx_word' id='word_1_185' title='bbox 256 2681 337 2736; x_wconf 84' lang='lat' dir='ltr'>cedar,</span> <span class='ocrx_word' id='word_1_186' title='bbox 358 2692 385 2725; x_wconf 87' lang='lat' dir='ltr'>us</span> <span class='ocrx_word' id='word_1_187' title='bbox 400 2681 475 2737; x_wconf 79' lang='lat' dir='ltr'>being</span> <span class='ocrx_word' id='word_1_188' title='bbox 493 2691 562 2725; x_wconf 90' lang='lat' dir='ltr'>more</span> <span class='ocrx_word' id='word_1_189' title='bbox 591 2678 657 2735; x_wconf 65' lang='lat' dir='ltr'>ped)</span> 
     </span>
     <span class='ocr_line' id='line_1_26' title="bbox 100 2741 1055 2806; baseline -0.003 -11"><span class='ocrx_word' id='word_1_190' title='bbox 100 2750 222 2795; x_wconf 84' lang='lat' dir='ltr'>beautiful</span> <span class='ocrx_word' id='word_1_191' title='bbox 232 2751 292 2795; x_wconf 84' lang='lat' dir='ltr'>than</span> <span class='ocrx_word' id='word_1_192' title='bbox 303 2755 381 2796; x_wconf 89' lang='lat' dir='ltr'>stone.</span> <span class='ocrx_word' id='word_1_193' title='bbox 621 2748 657 2792; x_wconf 80' lang='lat'>14.</span> <span class='ocrx_word' id='word_1_194' title='bbox 672 2745 835 2806; x_wconf 55' lang='lat' dir='ltr'>machstatt]</span> <span class='ocrx_word' id='word_1_195' title='bbox 848 2746 970 2803; x_wconf 78' lang='lat' dir='ltr'>‘Bridged</span> <span class='ocrx_word' id='word_1_196' title='bbox 980 2741 1055 2793; x_wconf 65' lang='lat' dir='ltr'>over!</span> 
     </span>
    </p>

    <p class='ocr_par' dir='ltr' id='par_1_5' title="bbox 100 2815 1056 2947">
     <span class='ocr_line' id='line_1_27' title="bbox 129 2815 1055 2877; baseline -0.005 -12"><span class='ocrx_word' id='word_1_197' title='bbox 129 2820 152 2865; x_wconf 81' lang='grc'>5,</span> <span class='ocrx_word' id='word_1_198' title='bbox 167 2820 284 2877; x_wconf 73' lang='lat' dir='ltr'>tendebat]</span> <span class='ocrx_word' id='word_1_199' title='bbox 316 2820 332 2865; x_wconf 87' lang='lat' dir='ltr'>i.</span> <span class='ocrx_word' id='word_1_200' title='bbox 353 2832 375 2866; x_wconf 86' lang='lat' dir='ltr'>e.</span> <span class='ocrx_word' id='word_1_201' title='bbox 393 2819 498 2865; x_wconf 80' lang='lat' dir='ltr'>tenioria</span> <span class='ocrx_word' id='word_1_202' title='bbox 511 2824 562 2864; x_wconf 86' lang='lat' dir='ltr'>ten·</span> <span class='ocrx_word' id='word_1_203' title='bbox 622 2816 657 2860; x_wconf 81' lang='lat'>15.</span> <span class='ocrx_word' id='word_1_204' title='bbox 673 2816 764 2873; x_wconf 78' lang='lat' dir='ltr'>specus]</span> <span class='ocrx_word' id='word_1_205' title='bbox 797 2815 827 2860; x_wconf 86' lang='lat' dir='ltr'>in</span> <span class='ocrx_word' id='word_1_206' title='bbox 837 2816 887 2860; x_wconf 91' lang='lat' dir='ltr'>this</span> <span class='ocrx_word' id='word_1_207' title='bbox 894 2815 962 2871; x_wconf 86' lang='lat' dir='ltr'>place</span> <span class='ocrx_word' id='word_1_208' title='bbox 969 2827 1055 2861; x_wconf 86' lang='lat' dir='ltr'>means</span> 
     </span>
     <span class='ocr_line' id='line_1_28' title="bbox 100 2885 1056 2947; baseline -0.004 -12"><span class='ocrx_word' id='word_1_209' title='bbox 100 2890 186 2945; x_wconf 56' lang='lat' dir='ltr'>decan</span> <span class='ocrx_word' id='word_1_210' title='bbox 201 2890 428 2947; x_wconf 74' lang='lat' dir='ltr'>‘wasencanrped’</span> <span class='ocrx_word' id='word_1_211' title='bbox 592 2885 635 2930; x_wconf 89' lang='lat' dir='ltr'>the</span> <span class='ocrx_word' id='word_1_212' title='bbox 659 2885 731 2930; x_wconf 87' lang='lat' dir='ltr'>canal</span> <span class='ocrx_word' id='word_1_213' title='bbox 754 2885 806 2941; x_wconf 82' lang='lat' dir='ltr'>dug</span> <span class='ocrx_word' id='word_1_214' title='bbox 831 2885 940 2942; x_wconf 82' lang='lat' dir='ltr'>through</span> <span class='ocrx_word' id='word_1_215' title='bbox 965 2885 1056 2931; x_wconf 87' lang='lat' dir='ltr'>Monnt</span> 
     </span>
    </p>

    <p class='ocr_par' dir='ltr' id='par_1_6' title="bbox 99 2955 1054 3153">
     <span class='ocr_line' id='line_1_29' title="bbox 129 2955 680 3017; baseline -0.007 -14"><span class='ocrx_word' id='word_1_216' title='bbox 129 2958 152 3003; x_wconf 90' lang='grc'>9.</span> <span class='ocrx_word' id='word_1_217' title='bbox 166 2959 193 3003; x_wconf 80' lang='lat' dir='ltr'>in</span> <span class='ocrx_word' id='word_1_218' title='bbox 199 2958 337 3004; x_wconf 66' lang='lat' dir='ltr'>inconditam</span> <span class='ocrx_word' id='word_1_219' title='bbox 344 2957 433 3017; x_wconf 65' lang='lat' dir='ltr'>meere]</span> <span class='ocrx_word' id='word_1_220' title='bbox 450 2957 480 3003; x_wconf 90' lang='lat' dir='ltr'>Iu</span> <span class='ocrx_word' id='word_1_221' title='bbox 490 2958 564 3003; x_wconf 88' lang='lat' dir='ltr'>order</span> <span class='ocrx_word' id='word_1_222' title='bbox 592 2955 680 3000; x_wconf 84' lang='lat' dir='ltr'>Athos.</span> 
     </span>
     <span class='ocr_line' id='line_1_30' title="bbox 100 3022 1054 3083; baseline -0.002 -12"><span class='ocrx_word' id='word_1_223' title='bbox 100 3031 127 3072; x_wconf 88' lang='lat' dir='ltr'>to</span> <span class='ocrx_word' id='word_1_224' title='bbox 141 3028 251 3073; x_wconf 88' lang='lat' dir='ltr'>increase</span> <span class='ocrx_word' id='word_1_225' title='bbox 266 3027 308 3072; x_wconf 87' lang='lat' dir='ltr'>the</span> <span class='ocrx_word' id='word_1_226' title='bbox 324 3026 397 3071; x_wconf 86' lang='lat' dir='ltr'>flame</span> <span class='ocrx_word' id='word_1_227' title='bbox 407 3027 488 3071; x_wconf 87' lang='lat' dir='ltr'>which</span> <span class='ocrx_word' id='word_1_228' title='bbox 502 3026 563 3082; x_wconf 86' lang='lat' dir='ltr'>they</span> <span class='ocrx_word' id='word_1_229' title='bbox 623 3024 658 3069; x_wconf 88' lang='lat'>18.</span> <span class='ocrx_word' id='word_1_230' title='bbox 674 3022 832 3070; x_wconf 80' lang='lat' dir='ltr'>Macedonum</span> <span class='ocrx_word' id='word_1_231' title='bbox 857 3022 935 3083; x_wconf 71' lang='lat' dir='ltr'>reyes]</span> <span class='ocrx_word' id='word_1_232' title='bbox 990 3022 1007 3069; x_wconf 83' lang='lat' dir='ltr'>i</span> <span class='ocrx_word' id='word_1_233' title='bbox 1032 3035 1054 3071; x_wconf 87' lang='lat' dir='ltr'>c.</span> 
     </span>
     <span class='ocr_line' id='line_1_31' title="bbox 99 3094 914 3153; baseline -0.006 -11"><span class='ocrx_word' id='word_1_234' title='bbox 99 3097 151 3142; x_wconf 85' lang='lat' dir='ltr'>had</span> <span class='ocrx_word' id='word_1_235' title='bbox 166 3109 235 3142; x_wconf 86' lang='lat' dir='ltr'>corne</span> <span class='ocrx_word' id='word_1_236' title='bbox 245 3100 272 3140; x_wconf 91' lang='lat' dir='ltr'>to</span> <span class='ocrx_word' id='word_1_237' title='bbox 282 3096 433 3153; x_wconf 73' lang='lat' dir='ltr'>extInguish.</span> <span class='ocrx_word' id='word_1_238' title='bbox 592 3094 757 3139; x_wconf 85' lang='lat' dir='ltr'>Alexander’s</span> <span class='ocrx_word' id='word_1_239' title='bbox 768 3104 914 3138; x_wconf 88' lang='lat' dir='ltr'>successors.</span> 
     </span>
    </p>

    <p class='ocr_par' dir='ltr' id='par_1_7' title="bbox 100 3161 1056 3493">
     <span class='ocr_line' id='line_1_32' title="bbox 130 3161 1055 3224; baseline -0.003 -14"><span class='ocrx_word' id='word_1_240' title='bbox 130 3166 166 3211; x_wconf 83' lang='lat'>12.</span> <span class='ocrx_word' id='word_1_241' title='bbox 181 3165 316 3224; x_wconf 66' lang='lat' dir='ltr'>torpentes]</span> <span class='ocrx_word' id='word_1_242' title='bbox 356 3166 429 3210; x_wconf 79' lang='lat' dir='ltr'>From</span> <span class='ocrx_word' id='word_1_243' title='bbox 446 3165 488 3210; x_wconf 89' lang='lat' dir='ltr'>the</span> <span class='ocrx_word' id='word_1_244' title='bbox 505 3165 565 3210; x_wconf 88' lang='lat' dir='ltr'>tirno</span> <span class='ocrx_word' id='word_1_245' title='bbox 623 3162 660 3207; x_wconf 82' lang='lat'>22.</span> <span class='ocrx_word' id='word_1_246' title='bbox 676 3163 765 3220; x_wconf 71' lang='lat' dir='ltr'>sciara]</span> <span class='ocrx_word' id='word_1_247' title='bbox 805 3161 887 3207; x_wconf 83' lang='lat' dir='ltr'>These</span> <span class='ocrx_word' id='word_1_248' title='bbox 912 3165 1055 3208; x_wconf 86' lang='lat' dir='ltr'>statements</span> 
     </span>
     <span class='ocr_line' id='line_1_33' title="bbox 100 3230 1056 3291; baseline -0.002 -12"><span class='ocrx_word' id='word_1_249' title='bbox 100 3237 173 3281; x_wconf 86' lang='lat' dir='ltr'>when</span> <span class='ocrx_word' id='word_1_250' title='bbox 184 3236 225 3280; x_wconf 85' lang='lat' dir='ltr'>ihc</span> <span class='ocrx_word' id='word_1_251' title='bbox 236 3242 332 3291; x_wconf 86' lang='lat' dir='ltr'>seeptre</span> <span class='ocrx_word' id='word_1_252' title='bbox 342 3235 431 3291; x_wconf 87' lang='lat' dir='ltr'>passed</span> <span class='ocrx_word' id='word_1_253' title='bbox 448 3234 512 3279; x_wconf 82' lang='lat' dir='ltr'>from</span> <span class='ocrx_word' id='word_1_254' title='bbox 522 3236 564 3279; x_wconf 87' lang='lat' dir='ltr'>the</span> <span class='ocrx_word' id='word_1_255' title='bbox 593 3244 635 3277; x_wconf 87' lang='lat' dir='ltr'>arc</span> <span class='ocrx_word' id='word_1_256' title='bbox 656 3233 784 3277; x_wconf 89' lang='lat' dir='ltr'>incorrect.</span> <span class='ocrx_word' id='word_1_257' title='bbox 823 3230 963 3288; x_wconf 71' lang='lat' dir='ltr'>Persepolh</span> <span class='ocrx_word' id='word_1_258' title='bbox 984 3231 1056 3277; x_wconf 84' lang='lat' dir='ltr'>stood</span> 
     </span>
     <span class='ocr_line' id='line_1_34' title="bbox 100 3299 1055 3350; baseline -0.005 -1"><span class='ocrx_word' id='word_1_259' title='bbox 100 3304 187 3350; x_wconf 83' lang='lat' dir='ltr'>Medos</span> <span class='ocrx_word' id='word_1_260' title='bbox 219 3311 244 3349; x_wconf 83' lang='lat' dir='ltr'>to</span> <span class='ocrx_word' id='word_1_261' title='bbox 258 3299 316 3349; x_wconf 72' lang='lat' dir='ltr'>&#39;the</span> <span class='ocrx_word' id='word_1_262' title='bbox 342 3303 465 3349; x_wconf 79' lang='lat' dir='ltr'>Persicus.</span> <span class='ocrx_word' id='word_1_263' title='bbox 510 3302 563 3347; x_wconf 86' lang='lat' dir='ltr'>The</span> <span class='ocrx_word' id='word_1_264' title='bbox 592 3301 631 3345; x_wconf 90' lang='lat' dir='ltr'>till</span> <span class='ocrx_word' id='word_1_265' title='bbox 650 3302 692 3346; x_wconf 87' lang='lat' dir='ltr'>tha</span> <span class='ocrx_word' id='word_1_266' title='bbox 712 3301 772 3345; x_wconf 88' lang='lat' dir='ltr'>time</span> <span class='ocrx_word' id='word_1_267' title='bbox 788 3300 817 3345; x_wconf 86' lang='lat' dir='ltr'>of</span> <span class='ocrx_word' id='word_1_268' title='bbox 834 3300 877 3345; x_wconf 91' lang='lat' dir='ltr'>the</span> <span class='ocrx_word' id='word_1_269' title='bbox 895 3301 1055 3345; x_wconf 86' lang='lat' dir='ltr'>Mahometan</span> 
     </span>
     <span class='ocr_line' id='line_1_35' title="bbox 100 3366 1056 3429; baseline -0.006 -12"><span class='ocrx_word' id='word_1_270' title='bbox 100 3373 181 3418; x_wconf 87' lang='lat' dir='ltr'>whole</span> <span class='ocrx_word' id='word_1_271' title='bbox 192 3384 294 3429; x_wconf 81' lang='lat' dir='ltr'>passage</span> <span class='ocrx_word' id='word_1_272' title='bbox 312 3372 333 3416; x_wconf 87' lang='lat' dir='ltr'>is</span> <span class='ocrx_word' id='word_1_273' title='bbox 344 3366 451 3416; x_wconf 84' lang='lat' dir='ltr'>rather&#39;a</span> <span class='ocrx_word' id='word_1_274' title='bbox 465 3370 563 3426; x_wconf 85' lang='lat' dir='ltr'>display</span> <span class='ocrx_word' id='word_1_275' title='bbox 592 3370 696 3425; x_wconf 86' lang='lat' dir='ltr'>princes.</span> <span class='ocrx_word' id='word_1_276' title='bbox 727 3368 763 3414; x_wconf 89' lang='lat' dir='ltr'>Its</span> <span class='ocrx_word' id='word_1_277' title='bbox 773 3368 886 3413; x_wconf 89' lang='lat' dir='ltr'>ultimate</span> <span class='ocrx_word' id='word_1_278' title='bbox 904 3366 1056 3413; x_wconf 76' lang='lat' dir='ltr'>destruction</span> 
     </span>
     <span class='ocr_line' id='line_1_36' title="bbox 100 3434 1055 3493; baseline -0.01 -5"><span class='ocrx_word' id='word_1_279' title='bbox 100 3443 131 3488; x_wconf 83' lang='lat' dir='ltr'>oi</span> <span class='ocrx_word' id='word_1_280' title='bbox 147 3444 253 3488; x_wconf 88' lang='lat' dir='ltr'>rhetoric</span> <span class='ocrx_word' id='word_1_281' title='bbox 269 3443 328 3487; x_wconf 87' lang='lat' dir='ltr'>than</span> <span class='ocrx_word' id='word_1_282' title='bbox 347 3454 362 3486; x_wconf 85' lang='lat' dir='ltr'>a</span> <span class='ocrx_word' id='word_1_283' title='bbox 379 3440 503 3485; x_wconf 88' lang='lat' dir='ltr'>historical</span> <span class='ocrx_word' id='word_1_284' title='bbox 522 3452 562 3484; x_wconf 85' lang='lat' dir='ltr'>ac·</span> <span class='ocrx_word' id='word_1_285' title='bbox 592 3450 643 3482; x_wconf 86' lang='lat' dir='ltr'>was</span> <span class='ocrx_word' id='word_1_286' title='bbox 658 3439 739 3493; x_wconf 79' lang='lat' dir='ltr'>owing</span> <span class='ocrx_word' id='word_1_287' title='bbox 753 3441 780 3481; x_wconf 86' lang='lat' dir='ltr'>to</span> <span class='ocrx_word' id='word_1_288' title='bbox 789 3437 832 3481; x_wconf 87' lang='lat' dir='ltr'>the</span> <span class='ocrx_word' id='word_1_289' title='bbox 842 3435 957 3481; x_wconf 82' lang='lat' dir='ltr'>fanatical</span> <span class='ocrx_word' id='word_1_290' title='bbox 967 3434 1055 3489; x_wconf 81' lang='lat' dir='ltr'>Arabs,</span> 
     </span>
    </p>
   </div>
   <div class='ocr_carea' id='block_1_4' title="bbox 101 3505 740 3569">
    <p class='ocr_par' dir='ltr' id='par_1_8' title="bbox 101 3505 740 3569">
     <span class='ocr_line' id='line_1_37' title="bbox 101 3505 740 3569; baseline -0.014 -11"><span class='ocrx_word' id='word_1_291' title='bbox 101 3518 179 3558; x_wconf 89' lang='lat' dir='ltr'>count</span> <span class='ocrx_word' id='word_1_292' title='bbox 188 3514 287 3569; x_wconf 83' lang='lat' dir='ltr'>worthy</span> <span class='ocrx_word' id='word_1_293' title='bbox 297 3511 326 3558; x_wconf 84' lang='lat' dir='ltr'>of</span> <span class='ocrx_word' id='word_1_294' title='bbox 338 3512 465 3556; x_wconf 87' lang='lat' dir='ltr'>credence.</span> <span class='ocrx_word' id='word_1_295' title='bbox 591 3508 624 3551; x_wconf 87' lang='lat' dir='ltr'>A.</span> <span class='ocrx_word' id='word_1_296' title='bbox 641 3505 673 3551; x_wconf 90' lang='lat' dir='ltr'>D.</span> <span class='ocrx_word' id='word_1_297' title='bbox 689 3506 740 3551; x_wconf 79' lang='lat'>982.</span> 
     </span>
    </p>
   </div>
   <div class='ocr_carea' id='block_1_5' title="bbox 323 3587 342 3645">
    <p class='ocr_par' dir='ltr' id='par_1_9' title="bbox 323 3587 342 3645">
     <span class='ocr_line' id='line_1_38' title="bbox 323 3587 342 3645; baseline 0 0"><span class='ocrx_word' id='word_1_298' title='bbox 323 3587 342 3645; x_wconf 81' lang='lat' dir='ltr'>a</span> 
     </span>
    </p>
   </div>
   <div class='ocr_carea' id='block_1_6' title="bbox 0 0 1250 3900">
    <p class='ocr_par' dir='ltr' id='par_1_10' title="bbox 0 0 1250 3900">
     <span class='ocr_line' id='line_1_39' title="bbox 0 0 1250 3900; baseline 0 0"><span class='ocrx_word' id='word_1_299' title='bbox 0 0 1250 3900; x_wconf 95' lang='lat' dir='ltr'> </span> 
     </span>
    </p>
   </div>
  </div>
 </body>
</html>
