2492 3900
149 248 288 315 cst-utu]
339 247 697 310 METAHORPHOSEON
721 247 833 300 multu
857 247 907 299 IX.
1067 245 1105 308 91

148 422 292 484 Flamma
305 443 403 486 sunm.
444 424 589 485 Timuere
604 424 655 484 dei
669 443 726 503 pro
740 423 862 484 vindice
876 431 985 483 terrae.

149 520 238 592 Quos
253 520 305 594 ita,
318 521 416 581 sensit
430 521 521 594 enim,
535 522 620 580 laeto
636 520 799 580 Saturnius
815 540 867 580 ore

148 615 290 697 Iuppiter
303 618 494 697 adloquitur:
509 617 653 677 “Nostro
668 627 715 676 est
728 617 821 677 timor
834 617 893 676 iste
907 616 1058 697 voluptas,

149 713 179 773 Ο
192 712 302 792 superi,
315 723 444 792 totoque
459 714 558 773 libens
571 713 648 772 mihi
664 725 788 792 pectore
803 725 916 793 grator,

149 809 243 882 Quod
257 811 400 871 memoris
414 811 520 890 populi
535 811 621 870 dicor
635 822 794 890 rectorque
808 822 964 891 paterque,
1066 811 1104 870 35

149 906 194 967 Et
207 925 277 966 mec
289 907 452 987 progenies
466 917 571 966 vestro
586 926 709 986 quoque
723 917 792 967 tuta
804 908 910 967 favore
924 917 980 968 est.

148 1002 182 1062 N
183 1023 233 1062 nm
248 1023 435 1083 quamquam
448 1003 545 1081 ipsius
560 1004 654 1062 datur
668 1003 727 1063 hoc
740 1003 914 1063 inmanibus
930 1003 1016 1078 actis,

149 1099 281 1179 Obligor
293 1099 359 1179 ipse
374 1110 491 1160 temen.
533 1099 702 1172 Sedenim,
718 1119 756 1158 ne
770 1108 897 1178 pectora
910 1118 991 1160 vano

149 1194 230 1256 Fida
244 1205 330 1256 metu
344 1206 487 1275 paveant,
501 1196 636 1257 Oetaeas
651 1196 787 1274 spernite
802 1195 957 1255 flammas:

148 1291 264 1352 Omnia
278 1293 330 1372 qui
345 1293 428 1367 vicit,
442 1293 557 1366 vincet,
571 1313 649 1373 qnos
663 1292 797 1365 cernitis,
811 1291 915 1370 ignes:
1065 1293 1104 1355 40

148 1389 219 1450 Nec
232 1389 292 1451 nisi
307 1401 448 1451 materne
461 1390 639 1451 Vulcanum
654 1399 741 1469 parte
756 1398 918 1468 potentem

149 1486 289 1548 Sentiet:
310 1498 471 1548 ueternum
486 1499 543 1562 est,
556 1507 574 1547 a
588 1508 639 1547 me
654 1487 737 1568 quod
751 1487 855 1560 traxit,
870 1496 903 1547 et
916 1507 1025 1567 expers

148 1583 255 1663 Atque
269 1583 406 1644 immune
421 1584 515 1658 necis,
529 1585 673 1664 nulloque
689 1584 842 1644 domabile
857 1584 988 1646 flumme.

148 1678 248 1760 quue
262 1699 322 1760 ego
336 1680 517 1741 defunctum
532 1691 613 1741 terrr's
629 1681 812 1741 caelestibus
828 1681 888 1741 oris

148 1775 319 1855 Accipiam,
333 1777 513 1856 cunctisque
529 1798 633 1838 meum
648 1778 791 1837 laetabile
806 1777 922 1838 fectum
1065 1779 1104 1840 45

147 1872 207 1934 Dis
221 1874 285 1934 fore
299 1873 431 1934 confido.
473 1873 576 1955 Siquis
589 1885 694 1935 tamen
709 1874 852 1950 Hercule,
865 1875 961 1955 siquis

148 1971 245 2032 Forte
260 1972 320 2032 deo
333 1971 486 2031 doliturus
500 1973 577 2031 erit:
598 1972 672 2032 data
685 1972 821 2051 praemia
835 1973 929 2046 nolet,

149 2067 213 2130 sed
228 2068 375 2129 meruisse
389 2068 456 2127 dari
470 2068 555 2142 sciet,
570 2068 745 2149 invitusque
760 2067 928 2147 probabit.”

147 2164 327 2225 Adsensere
342 2164 410 2225 dei:
425 2165 559 2225 coniunx
573 2186 695 2246 quoqne
709 2167 794 2245 regia
808 2166 873 2225 visa
887 2176 935 2228 est

150 2262 263 2323 Cetera
275 2282 339 2323 non
353 2262 440 2337 duro,
456 2262 533 2321 duro
548 2273 653 2323 tumen
668 2263 776 2324 ultima
790 2264 879 2323 vultu
1065 2264 1104 2326 50

177 2420 215 2467 ³1.
229 2420 325 2468 vindice
338 2421 428 2482 imae]
459 2421 612 2469 Herculesls
670 2422 707 2468 39.
727 2422 839 2483 Oetaeae]
871 2422 909 2471 Cf.
920 2435 944 2469 v.
954 2422 991 2480 20,
1002 2434 1039 2481 sq.

148 2490 209 2536 thus
219 2490 299 2536 called
310 2491 415 2537 because
431 2490 463 2537 he
478 2491 528 2537 hed
544 2490 612 2537 freed
670 2492 707 2537 41.
718 2496 868 2538 nsoter-nd-
873 2492 958 2552 parte]
1005 2494 1103 2539 stome-

149 2560 192 2606 tbc
202 2560 273 2606 earth
283 2560 385 2607 ttomso
394 2572 471 2619 many
480 2565 611 2618 monsters,
641 2573 682 2617 nu,
700 2563 743 2607 the
760 2561 858 2606 mother
868 2561 897 2606 of
913 2561 1041 2616 Hercules,
1054 2573 1104 2607 wus

149 2631 261 2686 robbers,
272 2629 320 2676 und
330 2634 436 2688 tyrunts.
642 2631 740 2677 mortsl.
750 2652 780 2665 ·-
794 2630 926 2676 Vulrr‘r'num
935 2651 964 2662 —
970 2630 1102 2690 potentem]

179 2698 216 2745 32.
231 2698 389 2758 munitorum]
411 2699 512 2746 sciam
520 2700 612 2747 umere.
643 2699 710 2744 ‘The
728 2710 810 2756 power
828 2698 857 2744 of
870 2697 984 2756 Vuleeu‚’
1002 2710 1030 2744 or
1047 2699 1104 2745 ‘the

178 2768 216 2815 33.
231 2768 306 2814 timor
323 2767 379 2829 nte]
420 2770 500 2817 ‘That
515 2770 567 2817 sear
586 2770 616 2818 cf
642 2767 763 2814 effectsof
775 2765 835 2812 firel

149 2835 258 2894 yours;'
276 2835 398 2895 referring
413 2839 439 2883 to
458 2837 565 2891 timuere,
586 2849 611 2883 v.
671 2838 708 2883 46.
725 2834 929 2896 Hercule-deo]
981 2835 1104 2885 ‘Because

149 2905 186 2952 ³1.
642 2907 764 2954 Hercules
775 2905 895 2964 isagod!

178 2975 613 3035 35.mmrirpopu12]‘0raprare-
671 2976 707 3024 47.
722 2975 898 3034 data-mter]
929 2974 1105 3036 ieisqm'dem
1200 3016 1202 3019 .

150 3042 188 3089 t’nl
197 3045 283 3101 people
293 3044 315 3099 ;’
330 3044 373 3089 the
387 3046 450 3101 gods
464 3056 506 3090 are
521 3048 613 3100 meant,
643 3046 702 3091 data
720 3061 768 3093 erre
785 3047 865 3101 eroum
880 3046 925 3091 ‘he
940 3057 999 3103 muy
1015 3046 1104 3092 indeed

150 3113 613 3171 whoaremindtulofrhegooddeeds
642 3114 896 3171 bedispiensed,¹etc.
1078 3162 1079 3165 ,

150 3180 181 3228 of
188 3182 316 3229 Hercules.
671 3182 707 3228 48.
723 3182 790 3243 dari]
822 3184 861 3229 Sc.
877 3182 935 3229 boec
948 3182 1061 3242 praernic
1076 3194 1104 3227 us

179 3249 216 3296 36.
231 3250 372 3310 trac-est]
404 3250 446 3297 ‘Is
456 3250 599 3308 protected!
642 3253 744 3308 subject
1112 3238 1123 3260 ⁸

179 3318 217 3367 37.
232 3318 287 3380 boc]
319 3320 526 3365 ‘Thisconceru’
670 3321 707 3366 50.
723 3320 904 3381 duro-cultu]
932 3321 1104 3367 ‘Witbolook

179 3386 216 3433 38.
232 3386 307 3448 mim]
338 3388 613 3435 Therensouissteted
643 3389 672 3435 of
693 3390 1005 3450 displecsure.’-ultima]
1052 3388 1104 3436 The

151 3455 382 3518 intimet-ipsiu,
393 3457 462 3503 ΜΟ.
642 3459 723 3505 words
733 3458 965 3519 siquis-probabit.
