2492 3900
171 242 230 303 266
443 243 483 293 Μ.
508 242 633 293 runnu
657 242 852 295 ercraorus

170 418 332 479 animatus.
374 418 475 492 Quam
497 421 594 479 muita
616 420 708 494 enirn,
722 440 800 499 quae
815 419 911 479 nostri
927 430 1017 480 eausa
1030 439 1118 480 nnm-

170 536 262 596 quam
277 517 453 590 faceremus,
475 517 603 577 facimus
625 528 717 577 causa
739 517 925 575 amicorum!
946 517 1064 595 precari
1079 517 1118 577 ab

170 611 305 690 indigno,
321 613 505 692 supplicare3
527 624 592 673 tum
608 615 746 673 acerbius
761 614 791 672 in
808 614 939 692 aliquem
958 614 1118 687 invehiin·
1174 647 1176 653 ·

169 710 338 788 sectarique
351 712 563 770 vehementius
576 732 583 785 ;
606 732 683 790 quae
699 712 728 769 iu
746 711 858 769 nostris
870 711 960 770 rebus
971 733 1032 771 uon
1044 714 1117 773 satis

84 804 86 807 ’
141 805 308 879 dhoneste,
332 806 363 865 in
389 808 557 866 amicorum
580 808 660 866 fiunt
684 806 920 881 honestissime3
942 810 1116 889 multaeque

169 922 217 960 rea
239 912 319 975 surrt,
341 904 501 982 inquibus
523 906 561 963 de
584 904 647 964 suis
670 904 840 964 commodis
854 905 912 965 viri
933 907 1003 966 boni
1019 910 1117 967 multa

169 998 336 1057 detrahunt
360 1000 540 1079 detrahique
567 1001 734 1079 patiuntur,
764 1010 799 1059 ut
827 1002 871 1061 eis
896 1004 985 1062 amici
1014 1003 1116 1083 potius

170 1116 260 1173 quarn
276 1095 332 1173 ipsi
349 1096 494 1157 fruantur.
538 1098 584 1157 58.
606 1098 717 1156 Altera
738 1100 890 1159 sententia
905 1110 960 1173 est,
975 1120 1052 1179 quae
1067 1101 1117 1159 de-

168 1191 237 1250 finit
259 1191 424 1251 amicitiam
453 1195 575 1271 paribus
600 1194 706 1252 officiis
730 1215 765 1255 ac
787 1198 1005 1255 voluntatibus.
1047 1196 1117 1257 Hoc

121 1288 293 1367 mquidem
308 1301 356 1347 est
370 1290 459 1349 nimis
482 1290 593 1369 exigue
609 1301 642 1349 et
656 1291 777 1352 exiliter
798 1294 835 1351 ad
862 1294 993 1353 calculos
1008 1312 1116 1353 vocare

170 1385 343 1459 amicitiam,
366 1399 401 1445 ut
426 1406 482 1465 par
509 1388 548 1446 sit
578 1388 655 1447 ratio
684 1403 878 1468 acceptorum
906 1402 938 1449 et
966 1392 1116 1450 datorum.
1165 1421 1172 1431 ·

168 1482 305 1541 Divitior
325 1484 400 1543 milri
424 1495 456 1544 et
475 1486 660 1546 adfluentior
673 1488 875 1547 videturesse
890 1508 962 1547 vera
976 1488 1117 1561 amicitia,

169 1600 225 1637 nec
240 1580 402 1640 observare
417 1582 565 1657 restricte,
580 1602 619 1642 ue
641 1584 709 1663 pius
725 1585 834 1643 reddat
850 1605 940 1664 quam
956 1584 1117 1663 acceperit.

168 1675 279 1756 Neque
295 1678 374 1737 enim
392 1669 562 1739 verendum
577 1690 632 1754 est,
644 1701 681 1739 ne
697 1681 769 1760 quid
784 1681 913 1753 excidat,
926 1693 978 1740 aut
990 1702 1028 1739 ne
1044 1680 1117 1760 quid

121 1779 158 1838 15
168 1774 198 1832 in
215 1786 327 1834 terram
343 1776 467 1851 defluat,
483 1791 537 1837 aut
559 1798 597 1837 ne
619 1777 689 1856 plus
705 1796 803 1856 aequo
819 1777 890 1858 quid
905 1777 935 1836 in
952 1777 1118 1836 amicitiam

168 1884 360 1952 congeratur.
402 1875 448 1936 59.
471 1875 595 1934 Tertius
617 1894 690 1933 vero
711 1874 761 1932 ilie
784 1874 853 1933 finis
874 1873 1063 1948 deterrimus,
1074 1883 1118 1948 ut,

168 1971 276 2050 quanti
291 1972 420 2056 quisque
432 1993 464 2033 se
476 1973 541 2052 ipse
551 1972 652 2045 arctat,
664 1970 741 2030 tanti
757 1971 812 2030 fiat
823 1972 862 2030 ab
876 1971 990 2030 amicis.
1019 1971 1117 2050 Saepe

169 2069 296 2128 enimin
312 2070 495 2150 quibusdam
518 2079 572 2128 aut
594 2069 714 2127 animus
735 2068 881 2127 abiectior
902 2080 956 2141 est,
971 2078 1025 2128 aut
1048 2087 1119 2147 spes

169 2167 400 2244 amplificandae
425 2167 564 2226 fortunae
590 2163 723 2223 fractior.
764 2164 838 2223 Non
860 2176 907 2224 est
922 2165 1015 2243 igitur
1028 2164 1119 2224 amici

116 2257 155 2316 20
169 2264 260 2322 talem
277 2283 342 2322 esse
358 2264 386 2322 in
403 2283 483 2335 eum,
498 2262 596 2342 qualis
611 2262 662 2318 ille
677 2261 708 2318 in
723 2281 756 2319 se
771 2273 838 2335 est;
859 2262 913 2320 sed
929 2261 1032 2339 potius
1043 2260 1119 2320 eniti
1141 2332 1145 2338 .

168 2369 199 2419 et
214 2361 340 2433 efficere,
355 2372 389 2419 ut
404 2361 493 2419 amici
515 2360 666 2418 iacentem
687 2357 822 2416 animum
844 2358 959 2416 excitet
980 2358 1119 2417 inducat·

168 2457 272 2537 quein
289 2478 375 2535 spem
398 2457 677 2536 cogitationemque
703 2453 868 2512 meliorem.
909 2454 1000 2518 Alius
1025 2453 1120 2532 igitur

167 2555 236 2613 finis
261 2574 351 2614 verae
377 2555 528 2614 amicitiae
554 2550 789 2610 constituendus
813 2562 869 2622 est,
884 2551 909 2608 si
930 2550 1023 2629 prius,
1044 2550 1119 2630 quid

168 2653 300 2710 maxime
315 2651 536 2730 reprehendere
550 2648 653 2726 Scipio
664 2647 772 2706 solitus
784 2648 834 2720 sit,
848 2648 981 2706 edixero.
1016 2647 1119 2726 Nega-

118 2746 156 2806 25
169 2752 221 2809 bat
238 2751 329 2808 ullam
347 2770 452 2808 vocem
469 2747 670 2807 inimiciorem
686 2745 838 2803 amicitiae
856 2746 992 2823 potuisse
1008 2745 1119 2823 reperi·

167 2847 191 2903 ri
215 2866 306 2924 quam
331 2847 404 2918 eius,
427 2846 479 2924 qui
502 2845 632 2904 dixisset
661 2843 706 2900 ita
734 2861 835 2899 amare
864 2855 1014 2918 oportere,
1037 2854 1071 2901 ut
1094 2842 1118 2900 si

167 2943 333 3022 aliquando
349 2954 429 3003 esset
444 2961 572 3015 osurus3
603 2959 661 2999 neo
681 2959 754 2997 vero
776 2959 809 2997 se
831 2939 942 2997 adduci
964 2959 1062 3017 posse,
1084 2949 1119 2998 ut

195 3101 217 3146 4.
234 3101 303 3160 quae]
344 3102 452 3158 ‘Things
471 3101 569 3155 which‚'
591 3112 629 3145 1¹ss-
689 3108 723 3153 ll.
738 3109 932 3167 tat-datorum]
951 3109 997 3152 ‘So
1011 3108 1118 3153 thartha

166 3169 258 3226 forring
266 3174 290 3214 to
299 3171 339 3214 the
348 3171 479 3225 preceding
488 3171 628 3214 intinitives.
659 3183 764 3222 account
774 3180 803 3222 01*
811 3178 889 3223 debias
900 3179 949 3224 and
961 3179 1049 3223 credits
1059 3190 1118 3235 may

197 3239 229 3282 10.
246 3239 278 3283 ud
303 3239 417 3296 cot'culos]
466 3239 629 3283 ‘'roei-cume
660 3246 790 3302 beequal!

166 3309 302 3363 friendship
314 3314 338 3352 to
350 3309 497 3352 arnutrerof
505 3322 571 3353 mero
580 3310 628 3353 cal-
687 3314 723 3361 27,
739 3320 799 3359 emet
807 3315 902 3373 oscae]
929 3315 982 3360 Tho
992 3317 1087 3372 ¹aunjcet
1097 3316 1119 3360 is

166 3375 291 3420 culation!
315 3375 491 3429 Thaumacum,
503 3389 530 3419 or
541 3377 628 3420 ‘small
658 3384 700 3427 the
711 3384 835 3429 indefinite
852 3397 963 3440 prououn
979 3370 1010 3430 td‘
1020 3387 1049 3430 ue
1060 3397 1118 3441 snp-

165 3444 269 3502 pelmtc‚’
291 3455 341 3487 was
361 3443 429 3487 otten
451 3444 512 3488 used
534 3447 566 3500 ny
586 3446 630 3491 the
659 3450 733 3506 plied.
763 3452 816 3498 The
827 3454 957 3497 sentiment
974 3465 1076 3508 appears
1091 3457 1118 3498 to

165 3513 277 3559 Romans
295 3512 334 3557 for
351 3512 392 3556 the
403 3523 508 3568 purpose
519 3513 547 3556 of
559 3515 629 3559 reek·
659 3518 722 3562 haro
733 3519 795 3564 been
805 3521 879 3564 taken
888 3520 952 3564 from
962 3521 1003 3564 the
1014 3521 1081 3566 Aiax
1091 3520 1122 3566 of

165 3583 240 3640 ouing
250 3595 278 3628 or
288 3581 391 3638 making
401 3581 569 3627 calculatione.
658 3585 799 3643 sophocles,
810 3600 834 3634 v.
844 3587 895 3644 678,
906 3599 943 3645 sq.
951 3602 957 3633 ι
965 3609 995 3621 -
