2492 3900
164 269 204 331 84
454 269 486 320 a.
511 268 634 322 ov1n11
656 267 814 322 sisoius
977 265 1115 330 [arcear.

163 445 275 506 Traxit
288 444 321 505 in
335 443 522 524 exemplum
536 444 678 524 ferroque
693 444 802 505 incidit
817 452 909 506 acuto

164 543 337 622 Perpetuos
353 543 471 614 dentes,
486 553 519 601 et
532 561 632 600 serrae
648 543 783 620 repperit
798 560 896 600 usum.

164 639 289 700 Primus
303 648 389 701 etex
403 659 466 698 uno
481 637 544 698 duo
557 639 655 696 ferrea
670 637 811 698 bracchia
824 637 908 698 uodo
1078 634 1117 696 65

164 737 286 811 Vinxit,
300 747 335 798 ut
349 735 469 816 aequali
483 734 584 815 spatio
599 733 858 794 distantibusillis

164 835 274 895 Altera
288 853 358 913 pars
373 840 478 905 staret,
493 851 564 910 pars
578 830 675 889 altera
688 829 814 890 duceret
829 831 943 904 orbem,

164 930 322 992 Daedalus
336 929 456 1000 invidit,
470 939 614 1007 sacraque
629 947 667 986 ex
683 948 750 988 arce
765 925 924 986 Minervae

165 1027 370 1106 Praecipitem
386 1025 476 1098 misit,
492 1025 613 1104 lapsum
629 1025 784 1084 mentitus.
827 1024 976 1084 Atilium

166 1122 255 1195 Quae
269 1123 354 1182 favet
367 1121 507 1202 ingeniis,
522 1121 645 1199 excepit
660 1120 771 1195 Pallas,
787 1141 936 1200 avemque
1080 1120 1118 1182 70

165 1219 326 1292 Reddidit,
340 1229 373 1278 et
387 1219 490 1278 medio
506 1217 622 1278 velavit
637 1217 667 1277 in
684 1227 751 1278 altre
766 1219 883 1298 pennis.

167 1317 231 1379 Sed
245 1317 334 1397 vigor
346 1316 463 1395 ingenii
478 1315 633 1395 quondam
650 1300 763 1375 velocis
777 1316 807 1374 in
824 1317 886 1378 alas

165 1413 265 1493 lnque
279 1414 374 1493 pedes
389 1413 483 1472 abiit:
504 1433 626 1486 nomen,
641 1413 724 1493 quod
739 1423 771 1474 et
786 1425 867 1488 aute,
881 1413 1036 1475 remansit

166 1511 240 1570 Non
255 1521 359 1571 tamen
374 1511 451 1570 haec
465 1509 526 1569 alte
541 1511 674 1570 volucris
689 1530 743 1570 sua
757 1531 885 1590 corpora
899 1511 990 1586 tollit,

166 1606 238 1666 Nec
250 1606 325 1666 facit
338 1606 368 1665 in
384 1606 475 1666 ramis
489 1606 613 1685 altoque
629 1608 785 1668 cacumine
800 1609 907 1668 nidos:
1080 1607 1118 1670 75

167 1701 301 1782 Propter
314 1703 442 1762 humum
455 1703 575 1777 volitat,
589 1704 737 1784 ponitque
752 1705 783 1764 in
799 1707 939 1786 saepibus
953 1701 1032 1782 ova,'

167 1800 361 1882 Antiquique
375 1820 492 1860 memor
506 1801 617 1861 metuit
632 1801 773 1862 sublimia
787 1822 884 1862 casus.

440 1980 557 2023 nauem
576 1981 647 2021 AND
669 1982 850 2024 PHILEMON.

594 2092 621 2125 v.
640 2080 696 2126 618.

209 2164 228 2212 ³
249 2174 267 2212 ⁴⁸
287 2174 306 2212 ³*
325 2171 472 2233 Inmensa
486 2182 543 2247 est,
556 2172 711 2252 finemque
726 2173 866 2253 potentia
880 2173 957 2234 caeli

169 2269 203 2329 N
204 2291 243 2329 on
258 2270 360 2343 hahet,
375 2279 408 2329 et
421 2269 566 2349 quiequid
581 2270 683 2347 superi
699 2271 833 2343 voluere,
847 2282 1005 2351 peractum
1020 2278 1078 2331 est.

170 2367 302 2447 Quoque
317 2367 418 2425 minus
432 2367 564 2439 dubites
577 2366 662 2425 tiliae
677 2367 868 2426 contermina
882 2387 1010 2447 quercus
1081 2365 1120 2428 80

170 2464 308 2524 Collibus
323 2474 371 2523 est
385 2463 539 2542 Phrygiis,
554 2463 677 2522 modico
692 2463 881 2523 circumdata
895 2484 982 2522 muro
992 2498 1034 2509 —

168 2560 241 2639 Ipse
256 2562 359 2620 locum
373 2560 458 2619 vidi:
479 2579 551 2618 nam
565 2580 615 2619 me
631 2558 779 2639 Pelopeia
794 2560 939 2620 Pittheus

168 2658 256 2717 Misit
270 2658 303 2716 in
318 2677 401 2729 arva,
416 2677 472 2716 suo
488 2655 644 2735 quondam
659 2665 788 2735 regnata
803 2656 922 2734 parenti
932 2690 974 2702 -

169 2754 265 2814 Haud
280 2754 386 2834 procul
400 2754 472 2813 hinc
486 2764 631 2832 stagnum
647 2764 703 2827 est,
717 2754 808 2813 tellus
823 2753 998 2813 habitabilis
1013 2752 1094 2827 olim,

197 2913 236 2959 63.
244 2910 328 2976 ferro]
359 2912 385 2957 Is
396 2912 486 2958 dative.
661 2914 772 2958 remarks
783 2914 812 2959 of
826 2912 959 2968 Pirithdns
975 2912 1017 2957 tha
1035 2924 1080 2957 son
1095 2911 1125 2959 of

197 2982 235 3027 64.
251 2980 393 3041 Perpetuos]
426 2981 473 3026 ‘In
489 2994 504 3026 a
519 2983 631 3027 continu·
661 2982 745 3037 Ixion,
762 2983 839 3028 Lelex
859 2984 946 3027 rclutes
962 2983 1004 3027 the
1024 2982 1121 3027 follow-

169 3050 293 3098 ousrow.’
661 3052 704 3108 ing
714 3053 928 3109 storyasuprout'
939 3053 993 3096 that
1008 3052 1050 3097 tho
1060 3052 1122 3109 gods

198 3119 236 3166 65.
252 3119 454 3179 earcuo-nodo]
493 3120 631 3166 ‘Proeecd-
661 3120 735 3165 could
752 3121 846 3177 change
866 3120 908 3166 tho
928 3120 1005 3166 forms
1023 3121 1052 3165 of
1064 3129 1122 3165 men

169 3189 433 3248 ingfromoncjoint!
661 3188 792 3234 audather
803 3189 895 3243 heings.

198 3260 235 3305 68.
251 3258 355 3318 exorre]
371 3258 447 3304 From
454 3259 496 3304 the
504 3260 632 3316 Acropolis
691 3256 727 3301 82.
743 3256 972 3316 Pelopeia-arra]
1003 3256 1122 3314 Phrygia,

169 3335 196 3376 at
211 3330 315 3376 Athens.
663 3328 763 3373 whence
787 3327 883 3384 Pelops,
905 3329 946 3373 the
967 3341 1012 3374 son
1032 3330 1061 3374 ot
1080 3330 1122 3375 the

198 3400 236 3445 69.
251 3396 356 3457 lapsum]
388 3398 427 3443 Sc.
438 3412 491 3442 earm
501 3412 558 3442 erre.
663 3396 787 3453 Phrygius
795 3398 856 3452 king
862 3396 989 3453 Tuutdlus,
999 3411 1049 3443 was
1057 3400 1122 3444 driv-

198 3470 236 3519 73.
252 3468 421 3527 thdetonta]
454 3468 564 3511 suerat.
662 3480 692 3511 cn
703 3468 775 3511 when
785 3466 817 3511 lic
827 3466 1021 3512 ficdtoGrccce.

199 3536 237 3588 78.
253 3534 284 3583 In
303 3536 374 3594 reply
393 3542 420 3581 to
440 3547 508 3580 some
529 3535 633 3579 derisIve
691 3534 728 3580 84.
743 3534 810 3592 hinc]
841 3534 1098 3582 hereditiarum.
