2492 3900
352 270 518 332 LAELIUS,
544 270 628 322 siva
652 270 703 322 DE
727 270 921 354 AMICITIA..
1043 272 1107 335 ’277

157 444 204 506 81.
225 443 319 517 Quod
333 445 361 506 si
374 446 433 507 hoc
444 445 572 525 adparet
585 445 616 506 in
629 446 745 520 bestiis,
756 446 941 519 volucribus,
952 447 1109 523 nantibus,

157 534 336 622 agrestibus,
350 543 511 616 cicuribus,
525 543 606 616 feris,
626 544 759 622 primum
774 554 808 603 ut
822 544 955 621 seipsae
970 544 1109 622 diligant,

155 636 238 697 -id
254 637 335 697 enim
349 636 464 715 pariter
478 656 548 696 cum
570 637 652 695 omni
676 636 830 696 animante
851 637 996 709 nascitur,
1006 637 1108 697 —de·

157 732 228 793 inde
248 743 283 793 ut
297 732 454 812 requirant
470 742 561 811 atque
577 732 735 810 adpetant,
750 732 788 791 ad
804 753 879 811 quas
897 752 931 792 se
951 732 1108 812 adplicent

158 828 295 889 eiusdem
315 827 436 907 generis
451 826 632 900 animantes,
647 827 740 907 idque
761 827 879 889 faciunt
899 849 969 888 cum
992 829 1109 889 deside-
1137 829 1156 889 5

158 924 203 983 rio
218 934 249 985 et
264 944 334 984 cum
348 924 480 1003 quadam
496 923 698 983 similitudine
714 923 825 983 amoris
840 924 976 998 humani,
990 937 1108 1005 quanto

158 1019 189 1079 id
212 1021 310 1101 magis
324 1022 355 1081 in
370 1022 494 1081 homine
512 1020 548 1081 fit
566 1030 686 1092 natura,
706 1019 759 1099 qui
774 1030 850 1081 etse
872 1021 937 1100 ipse
958 1022 1060 1101 diligit
1075 1032 1108 1083 et

160 1117 289 1177 alterum
310 1118 453 1198 anquirit,
482 1117 566 1178 cuius
588 1116 726 1176 animum
747 1115 792 1177 ita
812 1137 883 1178 cum
899 1138 957 1179 suo
972 1119 1108 1194 misceat,

159 1222 194 1273 ut
208 1214 318 1275 efficiat
331 1234 430 1295 paene
445 1235 540 1274 unum
555 1234 593 1275 ex
608 1213 757 1274 duobus?
1051 1216 1056 1226 '

198 1309 307 1371 XXII.
329 1314 375 1372 82.
416 1311 479 1372 Sed
503 1311 639 1391 plerique
662 1329 816 1391 perverse,
837 1329 876 1370 ne
901 1310 1002 1371 dicam
1023 1312 1108 1390 iupu-
1118 1317 1156 1377 10

159 1406 276 1481 denter,
290 1408 402 1468 habere
424 1409 519 1470 talem
542 1408 675 1469 amicum
695 1408 814 1481 volunt,
837 1407 942 1487 quales
963 1407 1020 1486 ipsi
1041 1429 1107 1467 esse

159 1520 221 1561 non
235 1513 372 1581 possunt,
386 1522 524 1583 quaeque
538 1503 595 1583 ipsi
610 1524 672 1563 non
694 1503 835 1563 tribuunt
848 1502 964 1575 amicis,
978 1502 1053 1563 haec
1068 1504 1108 1563 ab

159 1598 203 1659 eis
229 1598 412 1660 desiderant.
463 1599 526 1659 Par
549 1609 596 1660 est
621 1609 723 1660 autem
753 1600 888 1679 primum
911 1598 1011 1677 ipsum
1040 1620 1108 1659 esse

158 1694 257 1754 virum
279 1695 404 1768 bonum,
418 1704 485 1755 tum
507 1695 637 1755 alterum
659 1696 790 1755 similem
812 1695 858 1755 sui
873 1715 1028 1775 quaerere.
1069 1695 1107 1755 In

158 1792 272 1853 talibus
285 1812 329 1866 ea,
343 1813 434 1871 quam
455 1792 517 1851 iam
539 1793 657 1852 dudum
677 1804 854 1866 tractamus,
867 1792 1019 1853 stabilitas
1034 1792 1107 1851 ami·
1118 1794 1156 1855 lt

158 1888 248 1952 citiae
276 1888 447 1950 confirmari
477 1898 587 1969 potest,
615 1910 686 1950 cum
720 1889 1108 1951 homines-benevolentia

158 1986 312 2047 coniuncti
327 1987 459 2065 primum
474 1986 695 2066 cupiditatibus
710 1987 762 2061 eis,
778 1988 889 2066 quibus
905 1987 998 2048 ceteri
1013 1987 1107 2047 servi·

157 2093 223 2156 unt,
234 2083 436 2162 inperabunt;
451 2083 563 2143 deinde
573 2084 727 2163 aequitate
739 2085 915 2164 iustitiaque
925 2086 1108 2166 gaudebunt

158 2179 321 2258 omniaque
330 2180 408 2240 alter
418 2200 473 2259 pro
485 2181 580 2240 altero
591 2181 740 2260 suscipiet
752 2201 852 2261 neque
864 2182 1031 2261 quidquam
1043 2202 1108 2242 um-

159 2293 249 2355 quam
261 2275 320 2334 nisi
329 2276 494 2336 honestum
506 2288 537 2337 et
549 2288 667 2337 rectum
679 2278 758 2337 alter
769 2279 808 2338 ab
819 2275 917 2339 altero
927 2279 1107 2358 postulabit,
1115 2283 1157 2346 20

159 2391 258 2452 neque
272 2372 369 2462 solum
385 2373 487 2434 colent
498 2372 578 2434 inter
593 2395 624 2434 se
639 2393 675 2434 ao
689 2374 829 2454 diligent,
843 2375 898 2435 sed
913 2376 1008 2435 etiam
1022 2396 1107 2436 vere-

158 2468 282 2529 buntur.
331 2467 414 2529 Nam
432 2470 601 2529 maximum
615 2482 832 2531 ornamentum
848 2471 1001 2532 amicitiae
1015 2473 1108 2546 tollit,

159 2563 211 2644 qui
233 2583 270 2623 ex
292 2575 328 2626 ea
347 2564 429 2626 tollit
449 2566 676 2626 verecundiam.
718 2567 766 2625 83.
787 2564 897 2644 Itaque
921 2566 952 2625 in
975 2567 1019 2626 eis
1040 2587 1107 2645 per-

159 2661 290 2721 niciosus
302 2673 349 2722 est
363 2681 454 2735 error,
469 2661 520 2740 qui
535 2661 715 2721 existimant
726 2661 888 2720 libidinum
900 2673 1108 2741 peccatorum·

158 2777 218 2838 que
241 2757 378 2818 omnium
398 2766 504 2836 patere
526 2757 558 2817 in
578 2756 715 2817 amicitia
737 2756 903 2818 licentiam.
943 2757 1106 2818 Virtutum
1115 2761 1155 2824 25

159 2853 293 2915 amicitia
326 2853 460 2914 adiutrix
488 2873 507 2914 a
534 2862 644 2914 natura
678 2853 753 2913 data
788 2864 843 2926 est,
872 2874 934 2913 non
959 2853 1107 2916 vitiorum

158 2971 268 3025 comes,
283 2961 325 3026 ut,
339 2932 482 3031 quoniam
506 2950 644 3011 solitaria
666 2970 728 3010 non
751 2949 857 3029 poss'et
880 2951 979 3010 virtus
1000 2950 1040 3011 ad
1061 2969 1108 3028 ea,

185 3109 207 3156 9.
222 3124 297 3156 unum
316 3125 345 3157 ez
364 3109 464 3169 duolio]
510 3109 540 3156 In
565 3109 615 3155 like
674 3108 711 3155 21.
726 3109 803 3155 colent
824 3131 855 3142 -
876 3108 978 3170 diliyent
996 3131 1027 3142 -
1043 3123 1106 3157 uero·

156 3190 259 3226 manner
283 3181 379 3227 Horace
410 3179 499 3237 speaks
525 3179 555 3224 ol
576 3179 615 3224 his
644 3177 743 3237 meur]
777 3179 862 3224 Celent
876 3180 953 3225 refers
963 3185 989 3225 to
999 3179 1041 3225 the
1051 3186 1106 3226 out-

103 3289 113 3312 ‚
157 3247 237 3295 friend
258 3249 351 3306 Virgil:
377 3249 410 3296 Et
424 3263 502 3295 emes
517 3249 615 3294 animae
644 3248 712 3292 ward
730 3248 926 3293 manifestationis
945 3249 975 3294 of
991 3254 1105 3306 respect3

156 3318 285 3365 dimidium
294 3334 404 3366 mem·
414 3319 495 3364 Carm.
506 3319 522 3363 i.
534 3318 556 3372 3,
566 3316 589 3363 8.
643 3316 744 3376 diliqmt
760 3322 786 3362 to
800 3317 842 3362 tho
858 3318 953 3363 inward
967 3318 1069 3375 feelings
1080 3317 1110 3364 ol

186 3387 222 3434 16.
238 3389 336 3448 tulitm]
391 3389 479 3434 Refero
494 3394 520 3434 to
534 3387 614 3432 viram
644 3385 700 3431 love
720 3386 770 3431 aud
789 3392 882 3432 esteem
896 3401 903 3441 3
918 3387 1060 3433 terebrantur
1079 3395 1106 3433 to

155 3455 242 3502 bonum
252 3457 302 3503 sud
312 3456 413 3502 alterum
423 3455 527 3502 simibus
535 3455 561 3500 in
571 3455 614 3500 the
643 3455 789 3501 sentimenta
799 3455 828 3501 of
842 3457 988 3501 reverential
1003 3462 1105 3513 respect.

155 3526 287 3584 preceding
306 3523 613 3586 sentence-tractamus]
672 3523 709 3573 27.
724 3539 761 3580 ea,
772 3538 938 3585 quaomnia
946 3524 1013 3584 sumt]
1037 3524 1106 3573 ‘The

157 3594 196 3641 Ol.
203 3599 261 3642 note
270 3607 304 3643 on
313 3595 363 3642 line
373 3594 395 3653 2,
404 3605 466 3654 page
476 3593 527 3645 270.
644 3592 744 3652 highest
752 3593 833 3641 aima‘
