2492 3900
187 270 247 330 244
455 270 494 321 Μ.
519 270 647 322 runnu
670 255 868 321 cromerus

189 447 288 523 otiosi,
301 458 478 528 pergratum
499 447 577 507 mihi
597 447 758 507 feeerie-
768 467 860 527 spero
874 446 950 507 item
965 446 1140 521 Scaevolae,

188 544 273 619 -εὶ,
295 566 386 623 quem
408 546 448 606 nd
473 546 599 604 modurn
628 546 708 605 soles
733 544 772 603 de
798 543 907 603 ceteris
932 544 1033 616 rebus,
1062 564 1140 623 quae

190 661 228 699 tx
247 650 279 700 te
296 652 493 720 quaeruntur,
507 641 550 701 sie
572 642 611 699 de
634 641 768 699 amicitie
782 639 967 719 disputaris:
988 640 1063 718 quid
1076 659 1142 700 een·

189 736 259 811 tias,
271 736 393 816 qualem
407 737 573 811 existimes,
588 758 667 817 quae
682 749 847 817 praecepta
861 737 926 797 des·

160 851 177 910 5
232 834 414 894 Scuuvoen.
453 833 534 893 Mihi
549 854 642 909 rero;
664 847 756 913 atque
777 834 810 893 tl
832 834 934 913 ipsum
952 855 1023 894 eum
1037 843 1140 895 teeum

189 951 279 1010 agero
294 951 428 1005 conarer,
443 930 581 991 Furnius
597 932 784 991 antevertit:
807 952 900 1010 qnam
921 932 962 993 ob
982 952 1049 991 rem
1069 931 1141 991 utri-

123 1096 127 1101 ,.
189 1049 248 1109 que
262 1038 401 1087 nostrum
414 1038 538 1108 gratum
552 1028 721 1087 'admodum
741 1027 858 1088 feeerit.
1100 1033 1104 1039 ’

87 1110 99 1121 ’
228 1124 270 1185 V.
292 1126 339 1185 17.
381 1123 536 1185 Lumine.
555 1204 559 1209 .
577 1124 649 1204 Ego
670 1145 744 1185 vero
764 1146 826 1184 nou
852 1146 1006 1205 gravarer,
1019 1126 1046 1211 ei
1067 1128 1142 1187 mihi

188 1223 253 1304 ipse
268 1222 474 1297 confiderem
495 1244 567 1282 num
582 1233 614 1283 et
629 1224 785 1303 praeclara
798 1243 847 1283 res
861 1236 918 1297 est,
932 1235 965 1285 et
979 1245 1095 1298 sumus,
1108 1235 1142 1286 ut

141 1322 268 1390 lodixit
286 1321 432 1395 Faunine,
446 1321 547 1382 otiosi.
589 1321 653 1381 Sed
674 1321 742 1401 quis
763 1342 822 1400 ego
844 1342 912 1381 sum
934 1333 989 1382 aut
1004 1342 1082 1401 quae
1097 1331 1144 1382 est
1220 1332 1223 1336 ’

188 1418 220 1478 in
235 1440 283 1477 me
297 1419 448 1479 facultas?
489 1418 664 1479 Doctorum
687 1427 736 1478 est
755 1418 816 1478 ista
838 1420 1030 1479 cousuetudo
1046 1439 1142 1498 eaque

189 1518 382 1591 Graecorum,
405 1526 441 1577 ut
462 1516 506 1576 eis
531 1527 674 1596 ponatur,
689 1516 728 1575 de
743 1537 805 1596 quo
820 1517 981 1595 disputent
1002 1515 1142 1595 quamvis

189 1615 298 1675 subito.
339 1614 491 1693 Magnum
513 1634 590 1693 opus
612 1624 660 1674 est
684 1626 817 1694 egetque
843 1613 1063 1674 exercitatione
1081 1633 1143 1673 non

189 1722 290 1789 parve.
332 1710 433 1781 Quum
455 1710 495 1769 ob
515 1730 579 1769 rem
605 1730 683 1789 quae
706 1711 857 1789 disputari
873 1710 912 1770 de
928 1711 1062 1770 amicitie
1077 1730 1145 1789 pos·

141 1807 270 1879 lbsunt,
295 1806 333 1866 ab
358 1805 401 1867 eis
427 1826 536 1866 censeo
557 1806 681 1885 petatis,
704 1806 755 1885 qui
778 1807 1061 1887 istaprofiteutu13
1085 1826 1144 1885 ego

189 1923 245 1963 vos
259 1902 373 1964 hortari
388 1912 509 1962 tantum
525 1922 657 1983 possum,
670 1912 703 1964 ut
716 1904 882 1964 aruieitium
895 1904 1037 1965 omnibus
1053 1903 1143 1964 rebus

189 2001 330 2060 humanis
345 2001 548 2080 anteponatis.
589 2000 680 2059 Nihil
694 2010 744 2060 est
759 2001 842 2061 enirn
864 2013 928 2061 tam
950 2012 1077 2060 naturae
1093 2020 1145 2078 ap-

189 2107 265 2171 tum,
279 2107 344 2156 tum
358 2096 544 2156 conveniens
559 2097 598 2156 ad
614 2117 663 2156 ree
684 2098 734 2156 vel
757 2098 908 2157 secundas
923 2097 973 2155 vel
990 2097 1143 2156 adversae.

191 2195 237 2253 18.
259 2193 321 2253 Sed
335 2195 394 2254 hoe
404 2193 537 2274 primum
551 2193 660 2266 sentio,
676 2194 735 2253 uisi
747 2194 778 2253 in
794 2193 884 2252 bonis
896 2193 1061 2252 amicitiam
1074 2212 1143 2252 esse

141 2309 251 2366 20non
283 2311 381 2371 posse.
435 2290 547 2370 Neque
571 2291 604 2350 id
629 2291 670 2350 ad
691 2290 799 2350 vivum
823 2310 938 2363 reseco,
961 2299 996 2348 ut
1017 2288 1069 2362 illi,
1090 2287 1143 2367 qui

189 2389 266 2448 haee
287 2389 429 2449 subtilius
444 2389 617 2463 disserunt3
639 2390 770 2448 fortasse
784 2407 865 2460 vere,
880 2386 935 2447 sed
952 2386 993 2446 ad
1007 2405 1142 2446 eommu-

190 2506 261 2546 nem
283 2487 448 2546 utilitatem
470 2505 599 2565 parum3
619 2494 737 2566 negant
760 2485 842 2544 enim
868 2503 1053 2564 quemquam
1076 2501 1142 2541 esse

190 2584 291 2643 tirum
303 2585 420 2644 bonum
432 2582 491 2642 nisi
510 2583 691 2662 sapientem.
733 2581 782 2642 Sit
802 2581 846 2641 ita
870 2600 952 2640 eune.
995 2579 1056 2639 Sed
1072 2599 1142 2638 eam

189 2681 372 2761 sapientiam
385 2679 637 2758 interpretantur,
652 2700 745 2759 quam
766 2679 868 2738 adhue
889 2677 1028 2736 mortalis
1049 2695 1141 2735 nemo

139 2789 179 2848 25
190 2789 237 2838 est
252 2788 434 2838 eonseeutus
445 2796 454 2851 3
474 2797 531 2836 nos
547 2786 652 2835 autern
664 2775 711 2848 ea,
723 2795 799 2854 quae
812 2783 885 2834 sunt
899 2773 930 2833 iu
947 2793 1005 2831 usu
1016 2773 1139 2851 viteque

189 2876 353 2949 communi,
366 2895 429 2934 non
444 2894 488 2948 ea,
500 2893 576 2954 quae
591 2873 751 2952 finguntur
765 2881 820 2932 aut
835 2880 990 2950 optantur,
1001 2881 1139 2950 spectare

216 3033 239 3078 6.
254 3033 391 3093 antevertit]
422 3033 637 3090 semeaeobjeet·
704 3032 742 3079 20.
758 3031 840 3090 Neque
854 3031 882 3077 td
895 3030 929 3076 ad
949 3029 1030 3076 vivum
1048 3028 1137 3088 reseco}

218 3102 252 3146 12.
268 3103 377 3162 quamvis
386 3101 473 3161 subito]
500 3102 552 3148 The
565 3103 647 3148 Greek
677 3103 746 3149 ‘Nor
755 3104 787 3148 do
797 3102 811 3148 1
821 3106 863 3147 eut
873 3105 900 3146 to
917 3101 960 3146 the
975 3097 1068 3157 quiek,’
1085 3099 1140 3143 that

188 3172 294 3228 sophists
314 3171 439 3228 professed
458 3175 484 3216 to
503 3172 534 3217 be
549 3173 604 3216 eblo
620 3174 647 3216 to
677 3173 705 3226 ie,
721 3173 794 3218 ‘Ide
804 3176 848 3218 not
862 3171 979 3216 examine
994 3169 1036 3214 the
1050 3171 1140 3214 matter

187 3250 284 3284 nnswer
307 3251 357 3295 any
382 3239 495 3294 question
514 3245 539 3284 at
558 3251 573 3284 a
591 3251 647 3284 mo-
675 3245 718 3286 τοο
737 3241 847 3297 closely,'
867 3240 913 3284 but
930 3238 994 3283 wish
1009 3241 1037 3282 to
1051 3237 1108 3282 tetre
1123 3247 1140 3282 e

186 3305 275 3351 ment’s
285 3307 373 3351 notice.
675 3310 790 3366 praetienl
809 3311 872 3354 view
890 3309 921 3354 of
936 3308 979 3353 the
999 3306 1141 3362 subject.-

216 3373 252 3419 15.
267 3371 526 3432 quiirteprofitenter]
548 3375 646 3420 LneHus
675 3379 717 3438 qui
729 3378 878 3423 -eebtt'liue
902 3375 1035 3435 distentat]
1075 3375 1091 3420 i.
1115 3387 1138 3421 e.

185 3442 303 3488 reserato
318 3443 359 3486 the
374 3441 455 3484 Greek
475 3442 645 3497 philosopher-s
674 3447 717 3491 the
733 3447 819 3491 Stoice.

185 3513 243 3558 who
252 3511 352 3557 resided
361 3514 387 3554 nt
397 3507 485 3564 Rome,
496 3510 546 3554 and
558 3511 646 3567 taught
703 3515 739 3558 23.
757 3514 796 3559 Sit
805 3513 919 3574 uerene]
936 3511 1135 3571 Subjunetiveot

184 3579 392 3641 philosophyend
400 3577 508 3623 rhetoric
516 3579 593 3624 there.
674 3582 824 3628 eoncession,
