2492 3900
177 240 237 301 248
444 238 483 290 Μ.
508 239 639 292 TULLII
664 238 860 292 CICERONIS

176 416 292 479 mortui
306 416 436 493 vivunt3
459 425 564 477 tantus
579 437 633 478 eos
647 417 756 492 honos,
771 417 928 492 memoria,
943 417 1130 479 desideriam

176 514 570 595 prosequiturvamicorum.
620 514 753 594 Exque
779 515 901 573 illorum
929 515 1020 575 beata
1048 536 1129 576 mors

176 612 309 686 videtur,
327 613 437 671 horum
460 612 525 671 vita
547 613 719 672 laudabilis.
762 612 855 684 Quod
879 612 905 671 si
926 613 1075 671 exemeris
1089 633 1128 671 ex

175 727 277 767 rerum
292 719 402 767 natura
415 708 652 768 benevolentiae
667 709 927 780 coniunctionem,
945 729 1001 768 nec
1019 708 1129 769 domus

148 804 239 868 hulla
253 824 311 864 nec
325 806 397 864 urbs
413 815 494 864 stare
515 805 631 885 poterit
643 826 712 879 ;.ne
728 805 793 885 agri
809 806 933 883 quidem
948 806 1047 865 cultus
1062 826 1129 885 per-

175 900 321 961 manebit.
362 900 401 960 Id
415 900 441 960 si
456 901 556 961 minus
569 902 770 981 intellegitur,
785 902 961 981 quantavis
977 902 1128 961 amicitiae

175 997 420 1077 concordiaeque
435 998 477 1058 sit
491 1018 530 1057 ex
545 997 787 1058 dissensionibus
808 1009 900 1077 atque
915 1018 952 1056 ex
969 998 1128 1059 discordiis

174 1094 290 1173 percipi
310 1104 423 1173 potest.
465 1094 554 1167 Quae
577 1095 661 1153 enim
682 1095 793 1154 domus
815 1104 880 1154 tam
901 1094 1028 1167 stabilis,
1049 1115 1127 1174 qaae

174 1198 240 1252 tam
254 1191 343 1251 firma
355 1192 463 1252 civitas
476 1202 532 1264 est,
547 1211 626 1271 qnae
652 1212 713 1251 non
737 1192 815 1252 odiis
829 1201 861 1251 et
876 1191 1011 1251 discidiis
1031 1192 1129 1251 fundi·
1153 1202 1156 1208 '

126 1292 165 1353 10
175 1296 225 1345 tus
240 1286 336 1365 possit
349 1286 470 1345 everti?
511 1285 562 1345 Ex
585 1305 646 1364 quo
668 1297 817 1365 quantum
834 1284 907 1344 boni
926 1286 966 1344 sit
980 1286 1011 1344 in
1027 1286 1128 1345 amici·

97 1402 101 1438 ³
173 1382 486 1462 tidiudiearipotest.
527 1383 575 1441 24.
596 1382 838 1461 Agrigentinum
858 1382 983 1461 quidem
998 1383 1126 1442 doctum

174 1478 329 1559 quendam
351 1479 451 1539 viram
474 1478 661 1538 carminibus
684 1478 811 1538 Graecis
833 1478 1035 1538 vaticinatum
1058 1499 1126 1539 esse

173 1577 296 1652 serunt3
316 1596 394 1656 quae
415 1576 447 1635 in
467 1596 568 1635 rerum
592 1585 703 1635 natura
725 1585 855 1655 totoque
876 1576 995 1634 mundo
1009 1586 1128 1636 consta-

173 1682 253 1747 rent,
281 1693 420 1754 quaeque
444 1684 654 1746 moverentur,
675 1669 711 1731 <ia
740 1673 922 1732 contrahere
951 1672 1126 1746 amicitiam,

125 1772 164 1832 15
175 1770 321 1849 dissipare
343 1770 536 1831 discordiam.
577 1770 685 1848 Atque
706 1770 766 1829 hoc
787 1768 911 1848 quidem
927 1788 1033 1828 ornnes
1047 1788 1126 1827 mor-

173 1867 252 1928 tales
273 1876 306 1927 et
326 1866 511 1947 intellegunt
532 1876 564 1927 ct
588 1886 621 1925 re
643 1866 784 1946 probant.
825 1864 944 1944 Itaque,
959 1863 985 1924 si
1001 1865 1125 1943 quando

173 1963 299 2044 aliquod
314 1965 446 2024 officium
462 1964 583 2024 exstitit
598 1963 689 2023 amici
703 1964 733 2022 in
749 1963 892 2042 periculis
907 1973 960 2022 aut
975 1962 1125 2022 adeundis

173 2070 227 2121 aut
241 2061 514 2134 communicandis,
530 2061 599 2140 quis
614 2071 663 2120 est
677 2060 729 2139 qui
743 2060 773 2118 id
791 2080 853 2118 non
865 2059 1007 2118 maximis
1019 2059 1125 2118 efferat

172 2157 339 2218 laudibus?
381 2156 443 2230 Qui
459 2155 608 2216 clamores
631 2166 699 2217 tota
721 2167 814 2216 cavea
836 2176 933 2234 nuper
946 2155 976 2214 in
993 2156 1123 2234 hospitis

123 2255 205 2314 allec
225 2253 316 2314 amici
336 2254 397 2314 mei
411 2253 455 2314 M.
470 2253 599 2314 Pacuvii
626 2264 708 2314 nova
728 2253 848 2312 fabula!
872 2272 942 2312 cum
962 2252 1124 2331 ignorante

201 2429 237 2477 11.
251 2429 450 2492 Ayriyentinum]
495 2429 633 2478 Reference
662 2430 780 2484 Artemis,
791 2429 855 2474 anor
864 2429 957 2484 having
967 2429 1029 2474 been
1038 2428 1123 2474 doom-

171 2500 193 2546 is
203 2501 262 2548 here
272 2502 344 2547 made
359 2506 386 2547 to
401 2501 573 2558 Empedocles,
589 2501 633 2547 the
662 2503 694 2547 ed
713 2509 739 2547 to
758 2501 799 2547 die
819 2513 884 2558 upon
909 2501 951 2545 the
976 2502 1045 2545 altar.
1081 2499 1123 2544 All

171 2570 309 2616 celebrated
334 2570 493 2628 philosopher
508 2569 558 2615 and
575 2573 634 2626 poet
663 2575 787 2626 strangers
804 2569 913 2624 arrlving
923 2569 947 2612 in
958 2569 1007 2612 this
1017 2573 1123 2624 country

171 2636 202 2682 ol
213 2639 385 2695 Agrigentum,
396 2651 411 2683 a
425 2643 492 2684 town
506 2638 535 2684 oi
547 2639 633 2694 Sicily.
662 2649 724 2682 wore
734 2637 815 2682 seizcd
831 2639 863 2692 hy
874 2637 917 2680 the
927 2637 1021 2680 rrativcs
1034 2647 1062 2679 as
1073 2636 1123 2679 vic-

171 2705 334 2765 Empedecles
344 2715 420 2754 wrote
430 2720 445 2753 u
454 2720 526 2766 poem
541 2720 573 2753 on
590 2709 633 2754 the
662 2707 721 2752 tims
733 2707 771 2752 ior
788 2705 895 2751 sacrifice
905 2712 931 2750 to
947 2706 995 2748 this
1008 2704 1122 2760 goddess.

171 2773 295 2820 doctrines
303 2775 333 2821 ol'
344 2775 506 2833 Pythagoras,
517 2776 543 2821 in
551 2776 632 2821 which
662 2777 769 2831 Orestes,
785 2777 876 2832 having
892 2776 952 2819 been
962 2774 1070 2818 directed
1089 2775 1121 2829 hy

170 2841 203 2889 he
221 2845 300 2890 called
320 2846 361 2891 the
378 2847 474 2904 unitlag
493 2858 587 2904 powers
603 2845 634 2891 of
661 2840 704 2893 the
715 2847 795 2892 oracla
810 2845 839 2890 oi
857 2844 947 2900 Apollo
964 2851 988 2887 tc
1001 2855 1070 2898 carry
1081 2842 1119 2886 olf

171 2911 213 2958 the
231 2913 345 2959 universe
364 2917 457 2970 φιλότης,
480 2915 631 2971 friendship;
661 2917 704 2961 the
719 2921 798 2960 suetae
817 2914 846 2958 oi
863 2913 970 2957 Artemis
991 2911 1055 2955 from
1078 2910 1122 2954 hcr

171 2979 221 3025 and
231 2980 273 3025 the
284 2982 421 3038 separating
431 2983 549 3040 principle
558 2988 631 3036 νεῖκος,
661 2986 751 3041 temple
762 2985 787 3028 in
797 2983 900 3037 roone,
919 2983 943 3025 ia
954 2981 1078 3036 explatioa
1089 2979 1118 3023 oi

171 3047 277 3094 discord.
661 3054 700 3099 his
711 3052 838 3109 pertricide,
847 3049 943 3095 arrived
954 3049 979 3092 in
990 3049 1039 3092 this
1047 3059 1122 3092 ecun-

199 3116 236 3162 20.
252 3121 315 3164 aere
327 3117 429 3179 sabab]
456 3121 509 3168 The
530 3121 588 3179 play
604 3125 632 3166 to
659 3127 708 3177 try,
734 3119 908 3176 accompmicd
928 3119 1016 3174 hyllis
1036 3117 1116 3162 friend

170 3186 253 3232 which
281 3187 482 3236 Laelius‘rel'crs
514 3202 563 3234 vves
589 3191 632 3235 the
661 3189 775 3244 Pylades,
790 3185 1120 3253 ,Allcrhavingcoaceelcd

171 3253 269 3300 Orestes
289 3267 318 3300 or
336 3257 482 3304 Dulorestes
502 3258 532 3303 oi
554 3259 632 3303 Pacu·
660 3255 818 3310 themselves,
830 3256 868 3300 ior
882 3268 898 3300 a
912 3257 979 3309 time,
994 3256 1019 3300 in
1029 3265 1122 3309 accve,

171 3322 240 3374 vius;
255 3323 305 3368 and
325 3324 367 3369 the
384 3335 463 3380 scene,
480 3326 521 3371 tbe
538 3330 632 3371 contest
660 3324 721 3378 they
740 3335 803 3368 were
822 3330 849 3367 ut
875 3323 959 3379 length
980 3321 1123 3368 discovered

170 3385 254 3436 before
271 3390 362 3445 Thoas,
373 3391 434 3446 king
444 3393 474 3436 οἰ
487 3392 529 3438 the
543 3393 632 3437 Teuric
660 3393 710 3436 and
727 3392 836 3447 brought
853 3392 937 3437 belhre
948 3392 990 3437 the
1001 3393 1068 3448 iring.
1099 3390 1124 3435 lt

171 3457 330 3513 Chersoneso,
341 3459 393 3503 into
404 3459 488 3504 whose
504 3460 632 3504 dominica
660 3470 740 3504 seems
751 3459 815 3504 irem
824 3461 867 3505 the
877 3459 986 3505 allusion
1000 3461 1058 3506 here
1069 3460 1124 3504 that

170 3523 301 3582 Iphigenia
319 3525 370 3572 hed
393 3526 455 3570 been
480 3526 575 3572 carried
597 3528 631 3583 by
661 3525 759 3573 Orestes
778 3527 852 3573 alone
874 3539 925 3572 was
948 3529 990 3574 the
1009 3528 1124 3575 destined
