2492 3900
114 256 226 340 saa]
319 271 676 324 uerrucaruosaou
699 273 810 323 ursan
833 273 867 322 x.
1054 269 1093 330 93

137 449 250 511 Exitus
266 450 402 530 auspicio
416 450 557 530 gravior:
578 470 650 510 narn
666 458 763 530 nupta
776 469 832 529 per
844 449 956 509 herbas

136 545 223 604 Dum
239 567 320 605 nova
335 545 494 606 Naiadum
508 547 599 606 turba
612 546 760 606 comitata
773 555 913 624 vagatur,

138 642 270 716 Occidit,
283 643 315 702 in
331 643 429 714 talum
443 644 595 722 serpentis
610 644 704 703 dente
719 635 854 722 recepto.
1056 643 1093 703 10

138 738 241 811 Quam
255 740 331 799 sitis
345 739 384 798 ad
399 759 526 818 superas
540 749 704 819 postquam
717 739 921 819 Rhodopeius
935 758 1024 799 auras

136 835 275 896 Defievit
290 846 385 911 vates,
400 857 439 896 ne
453 857 514 897 non
530 846 699 916 temptaret
713 847 745 898 et
759 838 891 911 umbras,

137 933 190 991 Ad
208 933 309 1012 Styga
323 933 476 993 Taenaria
490 944 536 993 est
551 955 642 993 ausus
657 934 843 994 descendere
859 943 965 1013 porta:

138 1030 261 1109 Perque
276 1031 361 1091 leves
374 1032 506 1111 populos
521 1031 742 1111 simulacraque
757 1032 863 1090 functa
877 1031 1039 1110 sepulchro

138 1126 355 1206 Persephonen
372 1128 456 1201 adiit,
469 1128 693 1207 inamoenaque
708 1147 804 1207 regna
817 1137 976 1186 tenentem
1053 1126 1091 1186 15

137 1222 328 1283 Umbrarum
342 1223 520 1283 dominum:
541 1225 698 1303 pulsisque
714 1225 751 1284 ad
767 1223 901 1310 carmina
915 1223 1018 1282 nervis

139 1319 192 1378 Sic
206 1320 267 1380 ait:
288 1320 345 1380 “0
360 1321 452 1400 positi
467 1321 524 1380 sub
538 1332 620 1380 terra
634 1321 760 1380 numina
774 1321 890 1393 mundi,

120 1414 175 1480 ‚In
190 1437 282 1495 quem
296 1417 467 1490 recidimus,
482 1417 626 1497 quioquid
641 1418 771 1477 mortale
787 1437 943 1477 creamur:

137 1513 172 1571 Si
189 1512 261 1572 licet
274 1524 315 1587 et,
328 1514 396 1573 falsi
410 1514 520 1592 positis
535 1514 717 1593 ambagibus
733 1513 803 1589 oris,

136 1607 223 1668 Vera
236 1610 320 1689 loqui
335 1611 445 1684 sinitis,
459 1631 521 1669 non
536 1612 604 1685 hue,
621 1620 656 1671 nt
670 1631 765 1689 opaca
779 1611 917 1671 viderem
1051 1613 1091 1674 20

136 1704 275 1779 Tartaru,
290 1706 454 1766 descendi:
474 1727 532 1766 nec
547 1707 593 1766 uti
609 1708 717 1767 villosa
731 1708 862 1768 colubris

136 1800 240 1862 Terna
253 1802 415 1862 Medusaei
429 1803 577 1863 vincirem
591 1814 717 1883 guttura
730 1804 869 1864 monstri.

138 1899 237 1960 Causa
251 1900 320 1960 riae
335 1900 477 1973 coniunx,
491 1899 523 1959 in
538 1921 629 1981 quam
646 1901 761 1962 calcata
775 1921 930 1963 venenum

134 1996 254 2075 Vipera
268 1998 399 2071 diffudit,
414 2011 648 2077 crescentesque
663 1999 790 2057 abstulit
805 2004 925 2059 annos.'

135 2094 233 2153 Posse
248 2094 313 2172 pati
327 2094 419 2167 volui,
433 2114 491 2153 neo
504 2115 554 2152 me
569 2102 737 2172 temptasse
753 2096 889 2174 negabo:
1051 2096 1089 2156 25

134 2190 223 2249 Vicit
236 2192 344 2249 Amor.
386 2190 503 2267 Supera
518 2191 594 2250 deus
609 2191 660 2250 hic
674 2192 751 2251 bene
767 2201 858 2251 notus
873 2192 903 2251 in
919 2204 972 2253 ora
985 2203 1049 2253 est:

134 2287 188 2345 An
204 2286 244 2345 sit
257 2298 290 2347 et
304 2287 361 2360 hio,
376 2286 504 2347 dubito:
527 2289 582 2346 scd
598 2300 630 2347 et
644 2289 694 2347 hio
706 2274 812 2348 ¹tamen
829 2309 962 2367 auguror
975 2309 1050 2350 esse.

165 2445 187 2491 8.
201 2446 395 2504 nupta-novo]
426 2446 563 2503 Eurydice,
624 2447 667 2493 the
686 2447 752 2492 Stoic
771 2448 880 2493 dictum:
910 2446 1021 2493 recidant
1040 2463 1090 2495 ont-

166 2517 200 2561 ll·.
217 2516 439 2577 superas-auras]
462 2518 597 2563 Antithetio
626 2516 670 2561 nia
679 2516 706 2561 in
715 2522 791 2562 terrae
800 2519 823 2560 et
832 2514 945 2560 oriuntur·
954 2530 966 2561 e
975 2518 1053 2563 tm.
1060 2540 1091 2551 -

135 2586 594 2647 toumbrm.-leclopeius-ootea]
626 2582 900 2643 quiequid-creamur]
932 2585 983 2629 ‘As
1009 2586 1046 2629 fur
1063 2598 1090 2631 as

136 2654 203 2699 ‘The
228 2654 349 2699 Thracian
373 2655 451 2710 burd‚’
473 2655 489 2700 i.
504 2667 526 2700 e.
552 2654 596 2699 Or·
626 2665 713 2698 weare
730 2651 827 2697 created
844 2650 1091 2707 subJecttodeath;'

134 2724 222 2781 pireus.
627 2722 740 2782 quicquid
755 2722 775 2766 is
792 2720 927 2777 appositive
943 2726 968 2766 to
986 2736 1029 2766 noa
1047 2735 1091 2768 un-

124 2819 128 2824 .
166 2793 201 2837 12.
217 2793 453 2853 nencntemptaret]
494 2794 559 2839 ‘Not
573 2798 600 2840 to
630 2792 753 2836 derstood.

135 2862 204 2908 leave
216 2863 352 2908 untried.'·
658 2860 694 2905 22.
710 2858 992 2921 Medusaei-monstra]
1035 2861 1092 2921 Cer-

166 2933 202 2978 13.
219 2932 465 2992 Tamania-porta]
498 2934 521 2978 A
535 2934 598 2978 dark
628 2932 710 2986 herus,
722 2942 749 2975 so
760 2930 839 2975 called
850 2942 876 2975 as
886 2931 928 2976 the
936 2931 1055 2988 offspring
1065 2932 1096 2978 ol

135 3014 225 3047 eavern
236 3007 262 3046 at
272 3002 399 3047 Taenarus
409 3014 460 3047 was
475 3003 559 3048 fahled
572 3008 599 3047 to
628 3000 750 3057 Echidna,
759 3000 800 3045 the
812 3000 935 3057 daughter
943 3005 970 3046 et·
977 3002 1090 3049 Medusa.

135 3072 283 3118 leadtothe
294 3072 368 3116 lower
380 3072 466 3117 world.
627 3069 788 3129 -cineirem]
819 3070 907 3115 Relers
920 3072 1048 3117 totheuct
1066 3071 1096 3117 ol’

165 3142 200 3187 14.
217 3142 288 3201 leues]
322 3140 544 3187 ‘UnsuhstantinL’
628 3140 757 3195 Hercules,
779 3140 835 3184 who
855 3140 941 3186 bound
963 3142 1015 3185 him
1041 3140 1092 3187 and

166 3210 201 3256 15.
217 3210 292 3269 adiit]
323 3210 377 3255 The
394 3211 442 3255 last
458 3209 563 3266 syllable
577 3210 598 3255 is
628 3208 737 3265 dragged
747 3208 800 3253 him
812 3215 837 3253 to
848 3209 890 3255 the
901 3222 979 3266 upper
989 3210 1075 3255 world.

133 3279 208 3335 long;
223 3280 255 3324 cf.
267 3284 332 3334 note,
344 3280 358 3323 i.
370 3279 406 3323 26.
656 3277 691 3321 24.
707 3278 968 3337 crescentes—annos]
1021 3279 1091 3325 ‘The

165 3348 199 3393 16.
215 3348 351 3407 donrinran]
377 3347 535 3392 Pluto-ad
544 3362 597 3392 car·
627 3360 698 3403 years
709 3348 738 3392 of
754 3348 799 3393 hor
809 3349 888 3403 youth
897 3348 919 3401 ;'
935 3350 994 3393 with
1009 3346 1106 3415 abste-¹

134 3418 214 3477 mina]
245 3418 597 3473 ‘Asanaccompunimentto
627 3415 654 3460 lit
665 3416 755 3472 supply
766 3416 805 3462 cui
817 3416 879 3462 from
891 3416 918 3461 ia
929 3431 1008 3473 quarm

134 3486 173 3531 his
184 3485 262 3543 song?
463 3530 468 3537 ,
519 3512 523 3517 Δ
655 3485 691 3534 27.
708 3486 749 3530 Aa
764 3486 806 3544 ait]
848 3486 887 3531 Sc.
906 3478 1089 3546 notris-esse]

165 3556 200 3603 18.
215 3556 354 3616 recidimrcs]
386 3555 411 3601 Is
419 3555 552 3613 explained
562 3557 594 3613 by
626 3554 664 3601 Sc.
678 3555 1055 3611 notum,witheumassubject.
