2492 3900
204 241 264 301 194
472 240 511 291 Μ.
536 240 664 293 TULLII
688 239 884 293 CICERONIS

203 416 339 495 corporis
361 416 550 491 siccitatem
570 416 674 496 itaque
696 417 800 477 omnia
813 415 940 496 exsequi
953 415 1035 495 regis
1057 416 1160 477 officia

116 572 119 579 ,
204 526 234 573 et
254 534 389 573 munera.
431 514 541 573 Potest
566 514 661 593 igitur
685 514 866 573 exercitatio
894 524 926 573 et
950 513 1159 592 temperantia

204 609 296 669 etiarn
310 610 341 669 in
357 620 517 669 senectute
532 630 713 669 conservare
730 610 846 688 aliquid
860 610 980 689 pristini
995 610 1121 669 roboris

243 705 303 766 XI.
344 706 394 766 Ne
416 707 479 766 sint
503 706 538 765 in·
560 717 716 766 senectute
741 706 831 767 vires.
882 705 934 765 Ne
958 708 1160 786 postulantur

175 803 328 882 5quidem
342 786 422 863 vires
437 812 635 863 asenectute.
676 802 762 881 Ergo
778 815 809 861 et
824 803 943 882 legibus
958 814 990 863 et
1003 803 1158 864 institutis

203 908 294 959 vacat
309 910 393 959 aetas
408 911 514 959 nostra
527 899 704 958 muneribus
715 900 767 971 eis,
779 920 857 979 quae
873 920 933 959 non
949 909 1077 978 possunt
1087 900 1157 959 sine

203 995 319 1055 viribus
345 995 497 1055 sustineri.
539 994 650 1074 Itaque
672 1016 734 1054 non
756 996 850 1056 modo
871 997 952 1076 quod
975 1017 1036 1056 non
1051 1016 1157 1075 possu-

203 1111 281 1166 mus,
295 1092 349 1151 sed
364 1112 402 1151 ne
418 1102 568 1171 quantum
587 1111 749 1170 possumus
772 1094 896 1171 quidem
918 1093 1065 1172 cogimur.
1104 1093 1158 1155 35.

203 1187 251 1247 At
275 1188 363 1248 multi
385 1189 429 1247 ita
449 1196 523 1248 sunt
543 1188 680 1247 inbecilli
701 1208 798 1262 senes,
814 1199 849 1249 ut
863 1190 980 1248 nullum
996 1189 1085 1250 officii
1099 1198 1157 1251 aut

155 1292 194 1355 10
204 1285 329 1344 omnino
353 1284 436 1345 vitae
462 1304 573 1343 munus
597 1284 723 1363 exsequi
742 1285 867 1363 possint.
908 1285 955 1345 At
975 1285 1007 1345 id
1029 1285 1156 1365 quidem

203 1401 265 1440 non
280 1381 436 1460 proprium
452 1379 619 1440 senectutis
636 1380 744 1439 vitium
759 1391 815 1454 est,
830 1382 883 1440 sed
899 1401 1061 1441 commune
1075 1382 1158 1441 vale·

203 1477 329 1537 tudinis.
371 1476 471 1547 Quam
494 1476 552 1537 fuit
573 1477 734 1536 inbecillus
756 1478 792 1537 P.
807 1478 943 1537 Africani
957 1478 1047 1552 filius,
1060 1478 1086 1537 is
1100 1478 1156 1557 qui

204 1584 236 1633 te
251 1573 420 1651 adoptavit,
442 1593 533 1652 quarn
555 1573 641 1633 tenui
663 1566 716 1633 aut
737 1575 821 1634 nulla
840 1575 944 1653 potius
958 1575 1155 1634 valetudine!

205 1668 298 1740 Quod
314 1669 345 1727 ni
361 1669 403 1728 ita
416 1669 533 1743 fuisset,
549 1670 679 1729 alterurn
695 1671 770 1729 illud
786 1671 957 1731 exstitisset
967 1671 1070 1730 lumen
1082 1671 1156 1731 civi-

156 1778 194 1839 15
205 1765 298 1838 tatis3
319 1765 358 1824 ad
373 1775 531 1843 paternam
547 1766 629 1825 enim
646 1768 890 1843 magnitudinem
905 1767 998 1827 animi
1012 1768 1156 1828 doctrina

204 1861 327 1921 uberior
351 1872 527 1921 accesserat.
569 1861 653 1933 Quid
676 1864 786 1923 mirum
806 1864 902 1941 igitur
920 1865 953 1924 in
974 1866 1106 1938 senibus,
1127 1866 1155 1925 si

204 1959 316 2018 infirmi
330 1968 404 2019 suut
426 1959 598 2038 aliquando,
615 1981 685 2019 cum
701 1962 731 2020 id
747 1982 785 2020 ne
801 1962 1012 2022 adulescentes
1028 1963 1156 2042 quidem

204 2057 337 2135 effugere
351 2056 494 2134 possint?
535 2056 765 2131 Resistendum,
780 2058 866 2117 Laeli
881 2070 913 2118 et
927 2059 1038 2138 Scipio,
1045 2075 1156 2120 ‘senec-

203 2153 265 2213 tuti
289 2163 345 2227 est,
370 2153 495 2232 eiusque
510 2153 586 2213 vitia
610 2155 771 2233 diligentia
799 2156 1028 2234 compensanda
1056 2168 1155 2233 sunt;

233 2313 253 2358 1.
268 2312 409 2371 siccitatem]
450 2313 577 2370 Literarry,
590 2314 664 2370 ‘dry-
693 2329 754 2370 ores,
769 2327 798 2359 or
807 2316 877 2360 those
887 2315 995 2362 between
1006 2315 1048 2360 the
1058 2327 1116 2372 ages
1127 2317 1159 2362 of

203 2383 275 2429 ness’
306 2383 329 2428 It
338 2384 396 2428 hera
404 2383 479 2428 refers
490 2388 516 2428 to
528 2385 582 2428 ‘tlre
593 2385 663 2440 hard,
693 2383 812 2438 sorry-six
822 2384 872 2428 and
883 2385 958 2440 sixty,
967 2396 1029 2429 were
1040 2384 1155 2440 required

202 2452 294 2507 elastic,
305 2451 360 2496 firm
372 2452 494 2496 condition
507 2452 582 2496 oftbe
593 2452 663 2507 ssesb,
693 2457 720 2496 to
734 2453 840 2507 perform
857 2452 920 2508 duty
935 2453 995 2508 only
1010 2453 1035 2497 in
1051 2452 1155 2499 dcfcnoe

202 2521 354 2578 as·opposed
373 2526 399 2565 to
417 2521 473 2576 solt,
485 2521 579 2576 flaccid,
596 2521 663 2567 loose
693 2520 722 2565 of
738 2521 779 2566 the
798 2522 848 2577 elty
865 2521 908 2578 (ad
925 2521 990 2566 urbis
1000 2521 1154 2579 melodium),

201 2590 278 2643 flesh;
294 2590 313 2633 it
331 2590 351 2634 la
371 2589 412 2633 the
431 2590 507 2634 result
524 2589 553 2635 of
568 2602 584 2634 a
598 2590 664 2646 good
693 2589 775 2634 whilst
785 2591 855 2635 those
870 2593 948 2636 above
964 2592 1032 2646 sixty
1041 2602 1114 2647 years
1128 2592 1160 2637 of

201 2659 360 2704 constitution
377 2659 405 2704 of
422 2659 497 2715 body,
513 2660 663 2705 maintained
692 2671 737 2715 uge
753 2672 817 2704 were
832 2660 882 2705 free
899 2659 962 2705 from
978 2661 1012 2706 all
1025 2666 1086 2706 state
1103 2673 1156 2707 ser-

201 2729 236 2784 by
266 2730 376 2774 exercisc
406 2729 457 2774 and
491 2729 663 2785 temporanee!
691 2729 744 2773 vice
755 2729 888 2775 whatever.

200 2797 270 2843 With
296 2812 415 2842 summam
438 2799 569 2844 translate:
605 2799 663 2844 ‘the
720 2797 742 2845 7.
757 2797 895 2857 mamerto]
931 2798 1039 2844 Scaea.
1064 2799 1095 2844 In
1104 2813 1155 2847 noa

201 2869 266 2909 most
274 2865 374 2920 healrny
384 2865 526 2910 condition.’
691 2867 761 2912 modo
772 2882 828 2922 non,
836 2868 878 2912 the
889 2869 979 2913 second
986 2869 1062 2914 nonis
1070 2870 1154 2914 usual·

230 2933 252 2976 4.
269 2932 307 2977 Ne
317 2932 375 2991 sint]
395 2933 555 2989 subjunctive
568 2933 598 2978 of
605 2945 662 2979 con·
692 2935 718 2991 ly
728 2937 831 2981 omitted
842 2936 924 2982 before
936 2937 984 2992 sed,
996 2937 1111 2982 followed
1119 2939 1155 2995 by
1232 2983 1234 2994 ,

202 3002 311 3055 cession;
328 3005 414 3056 ‘grant
428 3002 497 3058 thot,’
508 3007 553 3048 etc.
694 3005 870 3064 rte-quidem,
889 3005 911 3050 if
927 3006 969 3051 the
989 3008 1049 3052 rerb
1065 3008 1090 3051 iu
1110 3008 1155 3053 tbe

230 3070 252 3114 5.
268 3070 418 3128 asenectute]
456 3071 508 3116 Not
533 3071 575 3116 the
598 3072 664 3116 alrlu·
694 3075 784 3120 second
794 3076 877 3121 clause
894 3075 995 3134 belongs
1011 3077 1155 3123 alsototbe

201 3138 250 3183 tire
262 3138 290 3183 ol
303 3143 393 3194 apent3
406 3141 500 3196 postulo
513 3142 581 3186 often
592 3142 661 3186 takes
693 3142 753 3187 first.

201 3207 244 3251 the
254 3206 358 3250 ablativa
369 3206 398 3251 of
412 3207 453 3250 tlrc
469 3220 565 3263 person,
579 3209 662 3253 witha
719 3211 741 3254 9.
757 3210 791 3255 At
806 3211 876 3255 multi
896 3211 1011 3257 ata-At
1025 3212 1061 3271 id]
1099 3212 1155 3260 The

201 3274 487 3330 proposition-lepidus
498 3281 520 3320 et
530 3277 659 3336 institutis]
691 3278 743 3322 first
761 3284 787 3323 at
806 3281 946 3324 introduces
964 3293 995 3326 an
1006 3281 1155 3336 anticipnted

202 3341 247 3385 ‘In
259 3341 407 3386 accordante
416 3343 475 3386 with
486 3355 532 3388 our
542 3344 602 3389 lnws
612 3345 663 3390 aud
692 3347 812 3401 objection
824 3352 850 3391 to
861 3347 941 3392 Cato's
951 3354 1095 3404 argument3
1110 3350 1155 3396 the

201 3409 327 3462 customsss
692 3416 790 3470 second,
802 3415 883 3460 cato's
894 3417 964 3473 reply
975 3423 1000 3462 to
1010 3418 1037 3462 it.

229 3479 252 3524 6.
267 3476 347 3535 occat]
388 3478 429 3522 ‘Is
455 3487 556 3536 exempt
580 3481 662 3526 from.’
721 3484 755 3527 14.
772 3484 885 3543 odeum]
924 3486 1050 3531 ‘Second’
1068 3486 1095 3532 in
1114 3499 1155 3534 re-
1231 3507 1232 3510 ¹

201 3545 386 3606 -muneum
417 3547 448 3592 In
465 3559 516 3594 war
538 3549 579 3596 the
599 3549 661 3596 seni·
690 3551 851 3598 lationtobis
861 3554 949 3611 father,
960 3555 989 3600 P.
1000 3556 1143 3604 Africanus.
