2492 3900
136 184 196 247 276
406 183 445 235 Μ.
470 181 596 237 TULLII
619 179 818 235 CICERONIS
856 190 860 196 '

135 361 199 423 tale
225 360 339 443 aliquid
365 361 513 436 evenerit,
541 368 576 421 nt
607 358 778 420 exstinctae
801 357 906 437 potius
933 356 1088 419 amicitiae

136 478 227 539 quam
252 478 416 538 oppressae
439 478 504 517 esse
528 457 701 517 uideantur.
743 454 926 515 Cavendum
947 474 1022 514 vero
1045 474 1088 515 ne

137 556 231 616 etiam
245 556 275 615 in
290 574 400 634 graves
419 554 594 613 inimicitias
609 561 791 613 convertant
805 570 839 610 se
853 550 1023 611 amicitiae:
1045 571 1088 611 ex

137 652 247 730 quibus
262 651 369 731 iurgia,
385 650 556 724 maledicta,
567 648 772 709 contumeliae
786 648 965 727 gignuntur.
997 649 1089 720 Quae

107 747 250 820 ttamen,
265 748 288 806 si
304 746 478 806 tolerabiles
492 755 591 819 erunt,
605 745 748 805 ferendae
769 755 850 817 sunt,
864 756 896 803 et
917 744 967 803 hic
987 744 1088 805 honos

136 844 234 904 veteri
249 843 401 903 amicitiae
414 842 605 916 tribuendus,
620 854 655 901 ut
668 840 736 901 isin
753 841 842 920 culpa
855 840 904 915 sit,
919 840 971 920 qui
986 840 1089 915 faciat,
1153 919 1157 924 Δ

137 959 198 999 non
215 940 267 1019 qui
281 939 416 1019 patiatur
429 939 579 1000 iniuriam.

177 1034 313 1095 Omnino
335 1037 471 1096 omnium
486 1036 595 1096 horum
609 1034 755 1096 vitiorum
770 1044 862 1116 atque
880 1034 1090 1096 incommodo·

136 1150 204 1191 rum
220 1152 281 1192 una
295 1134 397 1193 cautio
413 1144 459 1193 est
475 1142 567 1211 atque
582 1152 645 1192 una
658 1132 803 1211 provisio,
818 1142 852 1191 ut
867 1152 904 1191 ne
919 1131 1010 1192 nimis
1025 1132 1088 1192 cito

88 1232 127 1294 10
137 1229 264 1309 diligere
284 1229 440 1307 incipiant,
459 1249 538 1289 neve
552 1250 614 1289 non
633 1229 753 1308 dignos.
795 1230 842 1290 79.
863 1228 960 1307 Digni
982 1238 1089 1289 autern

137 1336 210 1387 sunt
225 1326 366 1397 amicitia,
381 1326 489 1406 quibus
504 1326 535 1385 in
551 1326 624 1406 ipsis
639 1326 719 1386 inest
733 1345 833 1400 causa,
843 1346 897 1385 cur
910 1326 1089 1405 diligantur.

136 1422 256 1484 Rarum
275 1424 392 1503 genus!
420 1434 453 1483 et
477 1424 602 1503 quidem
626 1422 731 1483 omnia
751 1424 905 1503 praeclara
930 1442 1006 1497 rara,
1029 1440 1089 1484 nee

137 1521 307 1601 quidquam
328 1521 478 1582 difficilius
499 1542 590 1601 quam
613 1520 745 1601 reperire
766 1521 848 1600 quod
870 1519 1019 1610 sit‘omni
1047 1539 1088 1580 ex

137 1619 270 1696 partein
286 1637 342 1677 suo
356 1638 468 1696 genere
484 1619 662 1695 perfectum.
704 1618 766 1678 Sed
781 1617 918 1697 plerique
939 1617 1039 1697 neque
1053 1616 1087 1677 in

89 1716 127 1778 15
138 1714 227 1774 rebus
256 1715 398 1774 humanis
430 1714 597 1793 quidquam
627 1715 890 1788 bonum'norunt,
917 1714 976 1774 nisi
1003 1713 1087 1794 quod

137 1810 327 1871 fructuosum
348 1811 407 1884 sit;
429 1820 461 1871 et
483 1812 814 1890 amicos-tamquam
839 1811 1088 1891 pecudes-eos

136 1907 331 1988 potissimum
354 1907 496 1990 diligunt,
517 1928 556 1968 ex
578 1908 690 1989 quibus
713 1917 837 1988 sperant
861 1928 895 1969 se
916 1908 1086 1970 maximum

136 2004 271 2065 fructum
298 2024 366 2064 esso
394 2015 547 2084 capturos.
598 2007 645 2066 80.
667 2004 718 2065 Ita
741 1993 946 2084 pulcherrima
970 2006 1024 2067 illa
1053 2014 1088 2068 et

137 2101 269 2161 maxime
284 2101 416 2162 naturali
427 2110 532 2162 carent
543 2101 678 2162 amicitia
687 2121 742 2181 per
756 2122 789 2161 se
803 2112 835 2162 et
849 2104 1021 2183 propterse
1033 2121 1088 2163 ex·

87 2198 243 2278 20petitiu
257 2217 314 2259 nec
334 2198 392 2278 ipsi
418 2198 477 2258 sibi
502 2199 645 2278 exemplo
669 2211 742 2259 sunt
763 2200 840 2259 haec
865 2199 911 2259 vis
933 2198 1087 2261 amicitiae

138 2295 235 2376 qualis
250 2305 281 2356 et
295 2306 411 2375 quanta
425 2296 474 2356 sit.
515 2294 588 2375 Ipse
610 2295 692 2356 enim
707 2315 739 2356 se
755 2295 883 2375 quisque
899 2295 1008 2375 diligit,
1023 2317 1087 2361 non

137 2403 173 2454 ut
195 2391 329 2472 aliquam
350 2412 415 2453 ase
436 2393 502 2473 ipse
525 2394 698 2453 mercedem
723 2394 829 2471 exigat
850 2391 987 2453 caritatis
1004 2412 1087 2466 suae,

137 2489 191 2549 sed
217 2490 298 2569 quod
324 2509 378 2568 per
402 2509 434 2550 se
459 2489 516 2549 sibi
541 2489 671 2569 quisque
696 2509 785 2565 carus
810 2499 868 2549 est.
910 2488 1002 2559 Quod
1028 2488 1087 2550 nisi

135 2585 220 2646 idern
231 2586 262 2646 in
278 2585 443 2646 amicitiam
458 2586 667 2659 transferetur,
681 2605 772 2645 verus
786 2583 903 2644 amicus
917 2604 1086 2664 numquam

86 2684 323 2764 25reperietur3
344 2692 393 2745 est
417 2683 498 2743 enirn
520 2681 545 2742 is
567 2682 692 2762 quidem
714 2692 872 2761 tamquam
893 2680 971 2740 alter
992 2680 1091 2741 idem..

165 2843 186 2889 1.
201 2841 511 2902 exstinctae-oppressae]
543 2841 595 2888 ‘To
624 2845 700 2887 count
709 2841 739 2887 of
752 2842 784 2887 lte
801 2839 863 2896 high
872 2839 921 2885 aud
932 2839 1006 2884 noble
1016 2838 1087 2884 char-

134 2911 198 2960 have
208 2914 292 2970 gently
303 2913 360 2958 died
377 2916 422 2958 out
436 2913 518 2958 rather
535 2913 595 2957 than
625 2912 766 2967 actcristics,
778 2911 827 2956 and
838 2911 877 2954 for
891 2909 922 2954 its
933 2921 989 2954 own
1000 2909 1087 2953 intrin-

134 2986 162 3028 to
179 2982 242 3028 have
262 2983 322 3028 been
343 2981 518 3038 extinguishcd
537 2981 595 3026 with
626 2982 661 3028 sic
678 2981 765 3036 worth,
782 2981 886 3025 without
902 2990 952 3034 any
962 2977 1086 3023 reference

134 3051 261 3096 violence!
299 3050 460 3106 Friendships
480 3062 522 3095 are
537 3050 595 3095 here
624 3056 650 3095 to
666 3051 708 3095 the
728 3051 878 3106 advantages
899 3054 925 3093 to
942 3049 973 3093 be
996 3046 1087 3104 gained

135 3119 266 3185 compared
277 3123 303 3164 ιο
313 3119 406 3165 flames.
436 3119 486 3166 For
501 3131 516 3164 a
529 3119 595 3164 simi·
624 3120 689 3164 irem
706 3120 732 3164 it.

134 3177 173 3235 lar
192 3200 236 3234 use
256 3189 285 3234 of
299 3189 389 3246 words,
409 3189 441 3234 cf.
461 3201 524 3246 page
543 3187 594 3243 217,
653 3187 689 3232 to
705 3185 842 3244 nosipsi-
848 3189 940 3245 ᾳιιαπια
950 3184 993 3244 sit]
1032 3181 1087 3231 'l'he

135 3255 231 3309 lineas,
243 3267 278 3313 sq
625 3255 719 3309 idaeis,
732 3251 1088 3311 Theydonotrecoguizein

163 3323 186 3370 8.
206 3323 321 3382 Omnino]
352 3322 596 3370 letiremanivcr·
625 3319 774 3369 themselves
791 3324 833 3367 tire
849 3323 969 3367 mutiful
985 3321 1087 3381 (patalis)

134 3405 188 3440 som
198 3393 316 3452 spectatu.
625 3393 676 3438 and
692 3393 735 3438 the
752 3393 813 3449 high
834 3391 946 3448 (quoda)
965 3393 1088 3449 significa·

165 3462 200 3507 19.
212 3475 258 3518 per
268 3477 292 3508 aa
302 3465 429 3520 eapropter
438 3461 473 3521 ac]
511 3460 556 3506 ‘In
566 3461 595 3506 lt·
625 3461 717 3507 tiones
728 3462 790 3507 such
800 3472 816 3505 a
827 3460 980 3517 friendship!

136 3532 186 3579 sels
200 3532 250 3578 and
267 3533 306 3578 ior
322 3531 416 3585 itseli;'
434 3532 539 3578 i.e.0n
555 3542 595 3576 ae·
653 3529 690 3576 25.
704 3530 766 3576 alter
779 3529 879 3588 idemi‘
887 3529 1013 3577 asecond
1022 3524 1088 3579 seit’
