2492 3900
167 203 207 288 20
456 223 825 283 2.0v1n11ussou1s
982 229 1120 294 [roa-21⁸.

166 403 226 466 Est
240 404 334 478 locus,
348 404 379 464 in
394 404 534 484 geminos
549 405 601 465 ubi
615 405 759 466 bracchia
773 414 925 465 concavat
940 425 1028 467 arcus
1061 407 1120 468 195

168 503 317 582 Scorpios
331 513 363 561 et
378 502 475 562 cauda
488 501 637 581 flexisque
652 503 806 582 utrimque
820 503 941 563 lacertis

166 599 298 679 Porrigit
312 600 343 658 in
358 599 489 677 spatium
505 599 664 677 signorum
679 600 816 658 membra
830 600 970 659 duorum.

166 695 259 756 Hunc
274 716 348 775 puer
363 705 397 755 ut
412 695 490 772 nigri
504 695 665 754 madidum
679 696 790 755 sudore
805 696 918 755 veneni

166 793 304 853 Vulnera
318 803 445 852 curuata
459 792 654 851 minitantem
668 793 794 870 cuspide
808 793 898 867 vidit,

163 889 282 950 Mentis
295 889 385 968 inops
398 887 501 968 gelida
514 887 677 947 formidine
691 889 758 947 lora
772 889 896 948 remisit.
1058 892 1117 952 200

165 987 253 1058 Quae
267 996 432 1066 postquam
447 1005 569 1044 summo
583 985 716 1064 tetigere
730 985 862 1045 iacentia
875 996 973 1066 tergo,

163 1081 389 1162 Exspatiantur
404 1082 482 1161 equi,
497 1083 644 1161 nulloque
658 1082 818 1142 inhibente
832 1102 887 1161 per
900 1101 989 1145 auras

163 1171 293 1260 Ignotae
307 1180 440 1258 regionis
455 1190 538 1253 eunt,
553 1191 672 1258 quaque
687 1179 821 1258 impetus
837 1180 909 1258 egit,

163 1277 232 1338 Hac
246 1277 312 1338 sine
326 1278 394 1356 lege
410 1290 511 1350 ruunt,
526 1277 651 1355 altoque
665 1276 722 1335 sub
736 1278 861 1337 aethere
874 1277 944 1337 fixis
1036 1354 1039 1359 Α

162 1374 324 1435 incursant
338 1373 441 1447 stellis,
456 1373 639 1453 rapiuntque
653 1394 709 1452 per
722 1373 792 1433 avia
806 1393 938 1448 currum,
1055 1375 1114 1437 205

162 1471 205 1532 Et
218 1473 311 1531 morlo
326 1491 445 1531 summa
459 1481 577 1548 petunt,
592 1471 686 1529 modo
699 1490 756 1550 per
768 1471 887 1530 declive
901 1471 1027 1552 viasque

162 1568 350 1646 Praecipites
364 1567 463 1647 spatio
478 1576 576 1626 terrae
592 1567 732 1646 propiore
746 1567 893 1628 feruntur.

161 1665 352 1744 Inferiusque
366 1665 429 1723 suis
442 1664 592 1722 fraternos
607 1683 727 1723 currere
740 1662 830 1737 Luna

161 1762 342 1820 Admiratur
356 1779 458 1840 equos,
473 1761 676 1839 ambustaque
690 1760 796 1818 nubila
808 1759 937 1821 fumant.

161 1858 333 1938 Corripitur
346 1857 486 1930 flammis,
501 1867 536 1916 ut
551 1876 691 1935 quaeque
706 1856 862 1930 altissima,
876 1857 978 1933 tellus,
1052 1858 1111 1921 210

160 1953 309 2034 Fissaque
324 1954 388 2033 agit
404 1953 494 2013 rimas
508 1962 540 2012 et
554 1952 636 2012 sucis
651 1961 717 2011 aret
731 1952 891 2031 ademptis

159 2050 279 2111 Pabula
292 2062 467 2124 canescunt,
481 2070 550 2109 cum
565 2049 725 2109 frondibus
738 2048 839 2108 uritur
853 2050 950 2124 arbor,

157 2148 384 2229 Materiemque
398 2168 455 2207 suo
470 2147 597 2227 praebet
611 2160 700 2225 seges
715 2145 800 2205 arida
814 2146 937 2205 damno.

157 2245 260 2306 Parva
274 2264 399 2325 queror:
421 2263 550 2323 magnae
564 2253 696 2323 pereunt
709 2262 780 2302 cnm
794 2243 954 2303 moenibus
968 2244 1067 2318 urbes,

158 2336 298 2416 Cumque
313 2337 375 2395 suis
390 2346 471 2395 totas
487 2334 607 2413 populis
623 2333 766 2393 incendia
778 2343 888 2411 gentes
1049 2335 1109 2395 215

156 2431 195 2493 In
209 2433 342 2518 cinerem
355 2441 490 2491 vertunt.
532 2430 636 2492 Silvae
650 2450 721 2491 cum
734 2429 891 2489 montibus
900 2430 1032 2513 ardent:

155 2530 258 2589 Ardet
271 2529 374 2589 Athos
388 2528 568 2607 Taurusque
584 2526 666 2587 Cilix
680 2537 712 2587 et
726 2526 854 2585 Tmolus
867 2537 900 2587 et
915 2527 995 2588 Oete

155 2626 199 2687 Et
213 2637 280 2688 tum
294 2616 382 2699 sicca,
395 2624 479 2705 prius
495 2624 693 2683 celeberrima
706 2622 852 2696 fontibus,
866 2622 933 2698 Ide,

185 2786 235 2835 197.
250 2782 530 2845 siquenm-duorum]
561 2782 577 2827 1.
593 2794 614 2829 0.
644 2781 696 2828 had
706 2781 759 2827 also
774 2782 819 2826 her
834 2781 936 2838 obeunt,
947 2783 992 2828 bnt
1002 2784 1108 2830 coursed

155 2853 255 2911 Scorpio
266 2853 314 2898 and
325 2852 408 2897 Libra.
644 2852 726 2898 round
736 2853 778 2897 the
785 2852 854 2897 earth
863 2854 887 2897 in
896 2853 1018 2898 asmallcr
1026 2855 1106 2899 circle.

185 2922 233 2965 199.
250 2920 357 2979 aspide]
389 2920 427 2964 Sc.
438 2919 537 2966 0001100.
673 2921 722 2966 210.
739 2922 890 2980 atqueaeque]
918 2922 1107 2981 ‘Accordingas

182 2990 233 3035 200.
248 2989 340 3049 gelida]
370 2988 509 3045 ‘cuillingss
544 2989 582 3034 Cf.
593 2990 614 3034 1.
645 2993 704 3036 each
716 2992 792 3049 (part)
803 2992 824 3036 is
834 2991 949 3047 highest!

154 3072 178 3105 v.
188 3060 224 3105 58.
672 3060 724 3105 211.
740 3061 793 3121 cpit
819 3060 906 3121 aarum]
958 3060 1000 3106 ‘It
1029 3061 1106 3108 forms

182 3128 232 3174 202.
248 3125 325 3186 nullo]
357 3126 409 3171 The
420 3126 563 3173 alilativeof
574 3142 615 3171 ae·
644 3127 730 3172 cleiis!

152 3212 192 3244 mo
203 3210 253 3243 was
268 3197 376 3253 scarcely
387 3196 449 3242 used
465 3198 497 3251 by
508 3196 550 3241 the
561 3196 615 3242 best
673 3196 723 3242 215.
734 3197 868 3255 000010-
872 3198 963 3258 pentes]
994 3198 1047 3245 Τ110
1059 3198 1105 3244 lat-

153 3268 249 3313 writers
259 3266 287 3312 of
300 3266 341 3312 the
353 3265 439 3311 classic
449 3265 541 3322 period.
643 3268 682 3311 ter
696 3268 716 3311 is
731 3268 789 3313 here
804 3268 846 3313 the
861 3280 930 3314 more
945 3270 1105 3326 comprehen-

181 3337 232 3385 207.
249 3332 407 3395 Praecipites]
456 3334 564 3392 Belongs
588 3337 614 3380 to
644 3335 695 3380 sive
705 3336 758 3394 (the
773 3337 891 3393 generis),
902 3337 945 3382 the
955 3338 1048 3384 former
1061 3339 1105 3384 the

152 3406 214 3461 vias,
230 3406 280 3451 and
297 3405 426 3461 heightens
442 3404 484 3449 the
499 3403 555 3449 idea
569 3415 612 3450 ex·
642 3406 1104 3464 morerestricted(thespeeific),term.

152 3476 252 3533 pressed
262 3475 296 3531 by
304 3487 348 3532 per
358 3472 453 3519 declive.
671 3474 721 3519 218.
737 3474 901 3534 celeberrima]
938 3477 1105 3535 ι1100000103

181 3544 232 3591 208.
248 3543 334 3606 Luna]
371 3542 424 3588 'l'he
440 3542 510 3589 sister
525 3542 555 3589 01
571 3542 614 3589 Sol
643 3542 698 3597 in;’
710 3543 752 3589 the
762 3543 1042 3602 absolutesnperlative.
