2492 3900
316 293 533 345 ALEXANDRI
555 293 677 346 MAGNI
698 293 810 344 uana
832 293 912 346 vm.
1034 294 1092 356 149

138 469 226 532 sidus
239 468 380 549 inplevit,
392 469 449 530 sed
462 489 534 529 cnm
557 488 592 530 se
610 489 739 530 curvare
760 469 864 549 coepit
877 469 908 530 in
924 489 1046 546 cornua,
1061 479 1093 533 et

138 564 254 629 idcirco
268 552 424 626 hreviores
437 567 554 626 habent
574 587 702 639 menses,
718 566 770 646 qui
784 566 916 646 spatium
932 587 1036 627 eorum
1052 569 1092 630 ad

139 665 222 724 hunc
235 665 327 723 lunae
346 664 473 723 modum
495 663 642 742 dirigunt.
683 663 786 722 Multa
799 672 831 723 et
846 663 905 723 alia
918 664 1090 739 traduntur,

139 760 251 840 quibus
272 759 386 821 morari
408 759 549 820 ordinem
570 757 779 820 rerum‘haud
793 779 867 820 sane
882 779 993 840 operae
1007 760 1091 820 vide·

139 856 239 917 batur.
260 858 271 940 f
552 845 555 849 ⁵
1119 859 1138 917 5

552 953 626 1018 [viu.
642 955 693 1021 11.]

179 1052 305 1114 XXIV.
324 1051 428 1113 Multa
440 1041 589 1132 ignobilia
603 1053 718 1132 oppida
732 1052 854 1114 deserta
868 1072 886 1113 a
900 1053 963 1114 suis
977 1073 1089 1127 venere

139 1148 172 1209 in
186 1149 268 1228 regis
284 1158 481 1229 potestatem.
522 1147 663 1221 Quorum
686 1149 805 1209 incolae
829 1149 937 1209 armati
961 1161 1089 1229 petram,

139 1245 260 1306 Aornin
282 1246 415 1320 nornine,
430 1255 668 1325 occupaverunt
709 1245 801 1306 Hanc
816 1245 854 1306 ab
869 1245 1001 1306 Hercule
1016 1249 1090 1308 frus·

138 1351 188 1404 tra
210 1343 367 1405 obsessam
390 1363 458 1404 esse
481 1352 643 1422 terraeque
666 1353 753 1404 ructu
775 1354 917 1404 coactum
941 1344 1089 1406 absistere

136 1440 221 1501 fama
241 1441 432 1521 vulgaverat.
473 1439 604 1520 Inopem
631 1441 750 1501 consilii
770 1441 992 1515 Alexandrum,
1019 1442 1090 1520 quia
1100 1451 1137 1512 10

137 1532 274 1612 undique
288 1552 435 1612 praeceps
450 1542 483 1593 et
495 1533 627 1611 abrupta
648 1552 739 1612 rupes
755 1542 829 1605 erat,
843 1532 946 1592 senior
963 1533 1090 1613 quidam

137 1629 255 1710 peritus
282 1630 422 1691 locorum
448 1649 519 1691 cnm
553 1629 675 1690 duobus
699 1630 770 1690 filiis
798 1629 873 1703 adit,
900 1629 927 1690 si
953 1630 1088 1709 pretium

139 1746 249 1806 operae
263 1736 355 1802 esset,
369 1727 489 1788 aditum
503 1747 535 1788 ee
550 1736 795 1788 monstraturum
813 1747 880 1786 esse
895 1727 1089 1807 promittens.

139 1825 309 1905 Octoginta
335 1825 454 1886 talenta
481 1824 651 1885 constituit.
672 1825 816 1885 daturum
843 1825 1033 1899 Alexander,
1047 1837 1089 1899 et,

138 1923 235 1986 altero
250 1943 289 1985 ex
302 1923 465 1985 iuvenibus
480 1923 586 1984 obside
607 1932 738 1997 retento,
752 1922 853 2003 ipsum
869 1923 908 1983 ad
920 1913 1088 2003 erisequen·
1098 1929 1137 1992 15

136 2022 188 2096 da,
208 2042 286 2102 quae
307 2022 470 2095 obtulerat,
488 2020 615 2081 dimisit.
657 2020 783 2081 Leviter
804 2020 930 2081 armatis
953 2022 1017 2081 dux
1038 2022 1089 2081 da·

137 2127 189 2180 tus
204 2129 252 2180 est
264 2118 422 2194 Mullinus,
437 2118 537 2179 scriba
556 2118 648 2198 regia.
689 2118 757 2177 Hos
777 2118 868 2191 enirn,
883 2118 1011 2178 circuitu
1034 2118 1088 2198 qui

129 2216 278 2277 fallerent
292 2218 423 2289 hostem,
436 2216 468 2275 in
483 2235 635 2275 summurn
651 2214 755 2294 iugum
771 2216 913 2293 placebat
928 2216 1068 2276 evadere.

177 2311 286 2373 XXV.
306 2311 402 2372 Petra
415 2332 487 2385 non,
502 2323 536 2371 ut
551 2311 723 2392 pleraeque,
738 2311 867 2371 modicis
887 2331 923 2371 ac
943 2298 1097 2373 mollibus¹

136 2407 225 2468 clivis
239 2409 271 2467 in
285 2409 416 2469 sublime
436 2408 593 2488 fastigium
614 2408 734 2481 crescit,
748 2408 804 2468 sed
826 2408 857 2467 in
879 2416 979 2467 metae
995 2409 1088 2468 maxi·
1097 2411 1136 2472 20

136 2523 187 2565 me
214 2506 341 2566 modum
368 2517 472 2567 erecta
501 2516 559 2580 est,
587 2506 674 2566 ouius
701 2504 765 2565 ima
794 2504 977 2584 spatiosiora
1003 2516 1088 2581 sunt,

166 2662 187 2710 1.
203 2665 375 2713 currere-ia
397 2666 498 2727 corano]
546 2665 598 2712 ‘Tc
627 2666 658 2711 he
669 2663 760 2709 should
770 2664 865 2710 receive
875 2676 907 2709 an
919 2664 1041 2721 adequate
1050 2675 1088 2709 re·

135 2735 252 2791 quartat!
629 2732 711 2781 ward!

163 2803 187 2848 4.
202 2802 597 2864 haud-(esselcidebetar]‘Did
655 2803 689 2848 14.
706 2800 831 2861 dotorum]
863 2801 902 2847 Sc.
916 2815 947 2849 se.
978 2800 1031 2848 The
1049 2814 1089 2848 ec·

133 2876 255 2919 notecem
266 2874 347 2920 worth
362 2875 402 2920 rho
413 2873 502 2920 while!
627 2868 736 2923 cusati‘ve
754 2875 783 2920 ol
794 2876 836 2921 the
853 2888 967 2932 pronoun
986 2876 1008 2921 is
1026 2889 1088 2935 very

624 2945 694 2991 often
705 2944 808 2989 omitted
816 2943 841 2988 in
852 2944 901 2987 this
912 2946 1086 2990 construction.

259 3022 344 3057 unna
358 3023 418 3057 vin.
434 3021 466 3060 11.
656 3014 690 3063 17.
705 3012 794 3071 scriba]
819 3014 919 3069 Among
929 3014 972 3059 the
983 3013 1086 3072 Greeks,

163 3100 216 3149 Th,
231 3108 331 3160 capture
355 3104 385 3150 of
401 3104 444 3151 the
459 3104 519 3150 mk
533 3104 596 3150 Aor,
624 3084 675 3129 and
691 3082 824 3139 especially
840 3094 931 3139 among
946 3084 988 3129 the
1005 3084 1086 3130 Muce-

133 3171 174 3217 nis
186 3173 211 3218 in
223 3172 304 3219 Imm
539 3200 544 3209 ,
624 3152 737 3207 donians,
748 3150 790 3195 the
800 3154 856 3207 poet
865 3152 894 3201 oi
904 3156 1025 3209 secretary
1036 3157 1062 3199 to
1071 3165 1087 3198 a

224 3243 228 3251 ·
335 3224 395 3236 -
624 3220 685 3277 king
696 3230 745 3263 was
756 3230 803 3264 one
814 3218 843 3263 oi
855 3219 942 3265 honor.

162 3286 185 3333 8.
200 3287 306 3348 Amaia]
337 3289 345 3333 t
360 3301 383 3334 e.
393 3288 423 3334 ol
439 3289 499 3334 ench
510 3287 595 3345 height
654 3288 689 3332 19.
704 3286 824 3347 mollitio]
865 3288 972 3345 ‘Gently
993 3287 1085 3345 rising:

132 3354 189 3401 that
198 3368 231 3402 no
241 3358 296 3403 bird
306 3358 379 3402 could
391 3356 463 3402 reach
473 3359 500 3401 it.
652 3356 689 3402 20.
704 3355 791 3417 metae]
823 3357 890 3403 Meto
908 3369 958 3403 was
975 3370 1025 3414 any
1043 3359 1086 3403 ob-

163 3424 198 3470 10.
214 3424 313 3483 Inopem
322 3425 429 3481 ceratiti]
461 3424 594 3470 ‘Ataloee
620 3426 672 3484 ject
691 3428 752 3471 with
771 3439 787 3472 a
806 3428 883 3473 broad
900 3426 1003 3472 circulor
1019 3427 1085 3481 base,

133 3494 201 3541 what
210 3494 295 3541 todo!
622 3494 755 3552 gradually
764 3495 876 3552 tapenng
890 3494 928 3541 off
941 3496 967 3539 to
981 3492 1024 3538 the
1034 3497 1084 3548 top,

163 3562 199 3608 12.
214 3563 444 3622 apiariumopme
453 3560 523 3622 esset]
554 3559 598 3607 ‘lt
622 3561 780 3609 likeacone.
