2492 3900
185 257 245 319 284
453 254 493 307 Μ.
518 256 645 308 TULLII
668 256 864 309 CICERONIS

186 441 257 493 ante
272 452 363 513 quam
376 433 483 493 oonsul
497 451 567 492 sum
580 432 690 493 factus.
730 430 781 494 Ita
790 452 824 492 re
839 431 937 513 magis
947 452 1043 513 quam
1057 453 1160 494 sum-

184 539 235 589 ma
249 529 431 589 anctoritate
447 548 539 589 oausa
553 528 605 588 illa
619 530 746 589 defensa
759 540 815 591 est.

224 624 348 685 XXVI.
372 627 419 687 97.
455 624 547 698 Quod
564 625 590 685 si
604 625 634 685 in
650 637 767 696 scaena,
778 626 809 687 id
822 636 876 701 est,
890 626 921 687 in
936 626 1094 702 oontione,
1109 628 1156 691 in

185 730 246 801 qua
260 721 350 781 rebus
364 720 444 779 fietis
460 730 492 779 et
507 719 698 779 adumbratis
712 720 770 778 loui
786 721 948 798 plurimum
960 731 1017 795 est,
1031 731 1153 783 tamen

157 830 291 888 5rerum
307 818 398 891 valet,
413 817 439 876 si
455 816 549 876 modo
563 816 593 875 id
618 817 805 894 patefirotum
820 828 853 877 et
866 817 1067 878 inlustratum
1082 830 1150 894 est,

186 916 259 996 quid
283 914 313 973 in
340 914 474 974 amicitia
496 913 562 973 fieri
583 922 714 992 oportet,
730 934 807 992 quae
829 923 897 973 tota
917 915 1050 980 veritate
1071 936 1146 995 per-

184 1012 354 1092 penditur?
375 1012 405 1071 in
421 1023 481 1091 qua
497 1011 563 1085 nisi,
579 1023 613 1070 ut
625 1009 746 1084 dieitur,
761 1022 899 1088 apertum
912 1022 1019 1089 peetus
1032 1012 1142 1073 videas

184 1120 333 1187 tuumque
349 1108 504 1183 ostendas,
516 1107 590 1169 nihil
606 1106 712 1180 fidum,
723 1106 797 1166 nihii
810 1108 1002 1186 exploratum
1014 1110 1141 1184 habeas,

185 1224 342 1265 neumare
358 1205 481 1284 quidem
504 1213 559 1264 aut
580 1203 685 1277 aman,
700 1223 770 1263 oum
785 1203 818 1263 id
834 1225 926 1283 quam
940 1224 1012 1265 vere
1026 1206 1082 1265 fiat
1097 1206 1141 1285 ig-

136 1308 175 1369 10
185 1320 286 1362 nores.
328 1301 522 1381 Quamquam
538 1301 596 1361 ista
612 1300 797 1374 adsentatio,
812 1301 951 1379 quamvis
966 1302 1140 1380 perniciosa

185 1399 234 1473 sit,
248 1419 358 1459 nouere
374 1409 476 1457 tamen
492 1398 607 1457 nemini
629 1406 734 1477 potest
749 1397 806 1456 nisi
821 1397 858 1471 ei,
879 1398 930 1477 qui
945 1419 1011 1458 eam
1028 1399 1140 1479 recipit

185 1505 279 1575 atquo
294 1506 330 1555 ea
345 1495 523 1555 delectatur.
564 1493 615 1554 Ita
636 1494 673 1555 fit
692 1504 728 1554 ut
746 1494 772 1554 is
792 1494 1038 1555 adsentatoribus
1052 1505 1140 1574 pate-

185 1592 278 1653 faciat
293 1612 380 1651 anres
395 1612 465 1653 tuas
479 1592 621 1666 maxime,
637 1592 689 1671 qui
705 1592 770 1671 ipse
792 1591 849 1650 sibi
864 1590 1044 1651 adsentatur
1058 1603 1091 1651 et
1105 1614 1139 1652 se

186 1689 319 1749 maximo
344 1688 410 1768 ipse
433 1690 577 1750 delectet.
633 1690 682 1749 98.
704 1687 840 1747 Omnino
871 1698 920 1747 est
947 1708 1054 1749 amans
1090 1690 1139 1748 sui

139 1797 176 1858 15
188 1787 284 1847 virtus
296 1807 304 1859 3
326 1787 441 1865 optime
456 1787 538 1846 euim
553 1808 584 1846 se
599 1786 667 1865 ipsa
680 1785 769 1845 novit
783 1804 935 1864 quamque
947 1786 1085 1845 amabilis
1096 1787 1139 1846 sit

187 1883 339 1962 intellegit
353 1904 361 1957 3
383 1904 441 1962 ego
456 1895 559 1943 autem
576 1903 637 1941 non
660 1882 699 1941 de
716 1881 831 1941 virtuto
854 1900 934 1941 nuno
949 1881 1065 1962 loquor,
1080 1883 1138 1942 sed

187 1980 226 2039 de
243 1980 365 2040 virtutis
381 1980 534 2060 opinione.
575 1979 704 2040 Virtute
719 1978 800 2038 euim
812 1978 879 2059 ipsa
892 1999 953 2037 uon
969 1989 1033 2038 tam
1046 1979 1137 2041 multi

186 2077 318 2156 praediti
330 2097 395 2136 esse
411 2097 500 2156 quam
520 2075 616 2136 videri
630 2075 749 2134 volunt
792 2073 861 2135 Hos
882 2075 1016 2135 delectat
1030 2076 1139 2135 adsen-

186 2175 284 2248 tatio;
309 2173 356 2233 his
386 2173 475 2232 fiotus
498 2173 536 2234 ad
561 2173 699 2252 ipsorum
723 2172 917 2232 voluntatem
938 2193 1037 2232 sermo
1065 2193 1138 2232 curn

138 2278 177 2338 20
188 2271 359 2344 adhibetur,
383 2270 551 2329 orationem
577 2270 662 2335 illam
691 2287 803 2328 vanam
831 2268 1041 2328 testimonium
1070 2287 1137 2328 esso

186 2369 311 2428 laudum
327 2386 449 2427 suarum
465 2376 584 2446 putant.
626 2366 724 2426 Nulla
734 2377 784 2426 est
798 2365 893 2444 igitur
906 2366 980 2425 haee
995 2364 1137 2438 amioitia,

186 2486 257 2526 oum
273 2465 350 2524 alter
363 2483 471 2523 verum
490 2464 595 2524 audire
609 2483 672 2522 nou
688 2463 764 2535 vult,
779 2463 857 2522 altor
871 2462 910 2521 ad
925 2461 1138 2521 mentiendum

186 2572 310 2642 paratus
325 2569 381 2620 est.
421 2559 454 2620 N
456 2579 491 2620 oo
512 2560 713 2639 parasitorum
728 2558 758 2617 in
776 2559 942 2618 comoediis
964 2558 1138 2619 adsentatio

187 2661 285 2719 faoeta
308 2657 397 2717 uobis
413 2657 576 2730 videretur,
591 2656 649 2715 uisi
663 2664 767 2715 esseut
781 2655 894 2714 milites
908 2654 1042 2734 gloriosi.

139 2795 177 2856 25
367 2780 480 2852 Magnis
493 2805 556 2839 vero
568 2804 647 2851 ogere
660 2779 760 2852 gritias
771 2766 854 2836 Thais
866 2787 949 2836 mihi?

188 2906 270 2967 Satis
281 2914 347 2966 erat
362 2905 545 2983 respondere
557 2923 702 2982 munaus,
743 2900 1019 2980 Inyenteafiuquit.
1051 2899 1139 2959 Sem-

187 3023 242 3082 per
256 3012 350 3081 auget
364 3001 544 3061 adsentator
563 3001 604 3074 id,
623 3001 705 3080 quod
725 3000 760 3073 is,
775 2999 861 3060 ouius
883 2997 922 3056 ad
945 2997 1138 3056 voluntatem
1237 3010 1239 3027 ²

188 3099 308 3171 dieitur,
329 3099 396 3157 vuit
418 3118 484 3157 esse
507 3118 662 3177 magnum.
703 3099 750 3157 99.
773 3097 874 3168 Quam
896 3094 937 3154 ob
956 3113 1021 3153 rem
1035 3112 1139 3171 quam-

216 3256 236 3301 9.
254 3257 468 3316 amare-amun]
500 3257 536 3302 To
551 3258 581 3302 be
592 3269 649 3302 oon·
679 3256 776 3302 follows
795 3255 816 3301 Is
837 3255 901 3301 from
921 3254 964 3299 tho
984 3250 1093 3298 Eunuoh
1111 3250 1143 3296 of

188 3325 273 3369 strued
283 3336 309 3367 us
325 3324 415 3378 objecto
427 3325 455 3368 of
467 3324 561 3369 habeas.
678 3324 786 3370 Terence
796 3326 841 3375 (iii.
859 3327 879 3380 1,
897 3325 929 3380 1),
940 3323 989 3368 and
1005 3323 1026 3366 is
1043 3321 1138 3377 spoken

218 3392 253 3436 14.
273 3390 388 3449 Omnino]
414 3393 483 3437 Used
498 3393 649 3437 conoessIve·
678 3395 712 3448 by
723 3394 765 3437 the
775 3392 1033 3449 swnggeringeaptain
1044 3389 1139 3434 Thraso

188 3459 230 3518 Iy;
247 3458 405 3504 ‘doubilesssl
678 3467 704 3505 to
722 3462 760 3505 his
778 3463 882 3517 parasite
897 3461 1004 3515 Gnatho,
1016 3461 1073 3506 who
1087 3459 1137 3504 had

218 3527 254 3574 24.
269 3527 358 3573 militer
376 3527 487 3586 qloatoa]
514 3528 649 3582 ‘Braugart
670 3528 1137 3585 ¹justtakenupresentforhimtoltit
1236 3572 1238 3576 .

189 3595 309 3642 soldiors!
348 3595 401 3642 Tho
420 3597 548 3654 quotation
568 3595 649 3640 which
678 3596 789 3641 mistress
799 3596 883 3641 Thais.
