2492 3900
306 243 473 307 ussurus,
498 226 659 296 srvs'nu
683 245 865 297 antemi.
913 279 920 291 .
998 248 1056 309 241
1102 256 1106 272 ·

106 425 198 493 trem,
212 418 395 480 liberalitate
410 421 440 479 in
456 440 583 495 sorores,
597 420 737 482 bonitate
752 421 784 482 in
799 441 881 496 suos,
894 421 1012 485 iustitis
1025 425 1057 486 in

107 517 239 577 omnes?
273 515 361 577 Nota
372 528 445 577 sunt
460 517 557 577 vobis.
599 518 703 588 Quam
718 528 822 578 autem
837 520 956 580 civitati
970 541 1058 581 carus

106 614 209 688 suerit,
235 632 373 673 maerore
408 614 522 674 funeris
550 614 721 674 indicatum
750 624 807 676 est
858 616 941 689 Quid
964 617 1059 697 igitur

105 712 191 771 hunc
214 730 382 791 paucorum
408 730 558 770 annornm
587 712 721 772 accessio
749 712 855 774 iuvare
882 715 1059 794 potuisset?

107 808 259 869 Senectus
273 808 354 869 enim
375 809 514 889 quamvis
529 828 591 868 non
613 809 655 869 sit
674 809 787 889 gravis,
801 819 837 871 nt
852 811 979 871 memini
1001 811 1059 873 On·
1088 820 1106 879 5

104 916 212 966 ionem
240 926 321 967 anno
349 916 421 966 ante
445 925 539 985 quam
563 915 611 966 est
632 916 771 967 mortuns
792 928 913 968 mecum
934 918 1059 970 etcum

105 1003 251 1082 Scipione
275 1004 432 1078 disserere,
456 1014 561 1064 tamen
588 1003 688 1063 aufert
712 1024 781 1064 eam
803 1004 1002 1083 viriditatem,
1026 1005 1058 1066 in

104 1110 168 1179 qua
182 1099 277 1160 etiam
300 1120 384 1160 nunc
405 1110 470 1160 erat
501 1098 613 1179 Scipio.
655 1102 702 1160 12.
724 1101 827 1172 Quam
849 1103 890 1162 ob
914 1122 979 1162 rem
993 1103 1059 1163 vitu

95 1197 233 1277 'quidem
247 1197 318 1257 talis
332 1197 390 1257 fuit
404 1198 454 1258 vel
478 1197 603 1257 fortuna
617 1197 668 1258 vel
688 1197 794 1278 glorie,
809 1208 843 1258 ut
857 1198 933 1258 nihil
953 1209 1059 1279 posset

103 1293 275 1369 accedere3
296 1294 447 1355 moriendi
471 1303 576 1354 autem
600 1314 727 1355 sensum
748 1295 889 1356 celeritas
913 1296 1106 1373 abstulit310

104 1391 222 1471 quode
236 1410 350 1471 genere
365 1391 473 1452 mortis
488 1390 610 1453 difficile
631 1380 719 1453 dictu
740 1402 789 1453 est
798 1411 807 1468 3
829 1392 903 1472 quid
917 1393 1057 1455 homines

103 1487 310 1568 suspicentur,
324 1488 446 1550 videtis.
487 1488 559 1549 Hoc
582 1507 656 1549 vere
677 1498 783 1549 tamen
803 1488 876 1550 licet
897 1490 1007 1565 dicere,
1020 1490 1058 1553 P.

60 1658 63 1662 Ι
105 1585 243 1665 Scipioni
267 1604 306 1645 ex
331 1586 437 1646 multis
461 1586 578 1660 diebus,
601 1606 680 1665 quos
703 1586 736 1646 in
756 1586 822 1647 vita
845 1586 1058 1648 celeberrimos

102 1682 357 1761 laetissimosque
373 1683 495 1757 viderit,
516 1682 603 1743 illum
630 1683 713 1742 diem
736 1683 936 1744 clarissimum
956 1677 1058 1759 fuisse,

103 1800 177 1839 cum
198 1790 307 1839 senatu
323 1779 449 1839 dimisso
464 1779 591 1839 domum
616 1779 655 1839 ad
675 1800 837 1860 vespemm
849 1781 995 1841 reductus
1008 1791 1058 1841 est
1067 1788 1105 1848 15
1176 1848 1182 1861 ,

104 1896 123 1935 a
137 1876 276 1957 patribus
288 1875 478 1957 conscriptis,
490 1875 605 1957 populo
616 1876 770 1951 Romano,
780 1877 870 1937 sociis
885 1888 918 1937 et
931 1875 1058 1953 Latinis,

103 1974 203 2054 pridie
219 1993 310 2053 quam
325 1974 456 2034 excessit
471 1994 488 2034 e
503 1973 584 2049 vita3
606 1983 643 2034 ut
662 1993 702 2033 ex
723 1980 789 2034 tam
811 1975 875 2034 alto
896 1974 1056 2053 dignitatis

103 2071 204 2150 gradu
219 2070 257 2129 ad
272 2090 400 2150 superos
414 2070 558 2132 videatur
572 2070 647 2131 deos
658 2070 772 2151 potins,
783 2091 876 2151 quam
890 2071 930 2130 ad
944 2071 1057 2131 inferos

103 2187 293 2248 pervenisse.

134 2302 156 2347 1.
173 2299 316 2347 liberalitate
326 2299 464 2360 insereres]
496 2300 569 2346 Alter
597 2301 1058 2348 therelntivcelansetorenderthem

103 2370 136 2416 he
147 2383 217 2416 cume
228 2370 280 2416 luto
294 2371 433 2430 possession
443 2369 473 2415 oi
484 2381 516 2414 nn
531 2370 568 2414 in·
597 2382 667 2416 more
681 2371 813 2428 emphatic
846 2368 998 2416 Celebcrs'mi
1007 2369 1058 2415 dies

104 2439 231 2500 heritanes
250 2451 266 2484 a
285 2439 377 2486 second
393 2439 453 2484 tirno
471 2439 505 2495 by
525 2440 568 2484 tho
597 2450 640 2484 aro
656 2439 728 2484 those
745 2439 807 2495 days
827 2450 862 2484 on
885 2437 967 2482 which
991 2436 1058 2494 large

104 2509 180 2554 death
191 2508 221 2555 oi
234 2508 272 2554 his
289 2509 394 2564 mother,
409 2508 516 2565 Papiria,
535 2507 569 2554 he
598 2507 694 2553 crowds
704 2507 733 2553 oi
743 2508 831 2564 pcople
840 2519 904 2553 were
911 2507 1058 2564 oseembleu,

104 2577 235 2634 presented
246 2577 265 2621 it
279 2581 305 2621 to
320 2577 359 2622 his
375 2576 570 2622 tiresiatus·
598 2576 730 2634 especially
745 2576 831 2622 festive
849 2576 920 2633 days.
950 2575 1058 2633 Render,

104 2645 258 2693 horricomis
274 2645 341 2706 neos]
386 2646 427 2692 He
446 2657 509 2703 gave
528 2645 569 2691 his
598 2645 704 2691 ‘Ostha
720 2657 797 2703 many
811 2648 878 2691 most
899 2644 1060 2692 festivorum

105 2728 162 2762 own
172 2717 270 2774 portion
280 2716 310 2761 of
317 2716 354 2760 his
361 2715 475 2773 paterna]
486 2715 579 2760 iuher··
592 2713 686 2771 joyons
696 2712 775 2770 days,'
784 2719 831 2760 etc.

104 2785 271 2831 itancetohis
282 2785 351 2832 elder
361 2785 470 2831 brother.
628 2783 663 2829 16.
677 2798 695 2829 a
701 2782 812 2841 patribus
822 2781 975 2843 comeriptis]
1006 2781 1059 2828 The

133 2855 156 2901 ὀ.
170 2853 364 2915 musitqrcois]
390 2853 473 2912 ''May
483 2855 569 2901 nothe
598 2850 663 2897 form
677 2850 957 2909 wnsorlginnllypotrer
971 2855 1059 2896 etcert-

104 2922 270 2969 burdensome
278 2922 299 2979 ;’
314 2923 346 2969 cf.
357 2922 396 2970 De
407 2922 463 2969 Seu.
474 2922 499 2969 il.
510 2925 532 2968 4.
539 2944 569 2955 -
597 2919 689 2978 scripti,
701 2921 758 2966 ‘the
768 2925 878 2966 senators
884 2921 934 2966 and
940 2921 1011 2965 those
1017 2931 1059 2965 eu-

105 2992 371 3052 memini-disserere]
409 2992 449 3039 Oi.
466 2999 569 3040 noteou
597 2990 677 3036 rolled
687 2988 843 3036 withthem.'
873 2988 913 3036 un
925 2989 968 3035 the
983 2989 1059 3035 uboli-

106 3059 154 3108 line
164 3061 187 3118 7,
197 3074 259 3120 pune
269 3062 321 3108 234.
598 3060 650 3104 tion
661 3059 690 3104 of
703 3059 746 3105 tho
762 3058 908 3115 monarchy,
918 3057 961 3104 the
975 3061 1059 3103 senate

134 3130 157 3178 7.
171 3131 330 3192 enatarem]
362 3130 530 3178 ‘Freshness.'
597 3141 649 3173 was
658 3128 783 3185 enraged,
792 3128 844 3174 end
858 3128 985 3186 plebeleus
995 3138 1059 3173 were

135 3199 170 3244 1⁰.
185 3200 314 3260 moriende]
366 3201 404 3247 'l'o
429 3201 459 3246 bo
482 3201 567 3258 Joined
598 3197 720 3242 admitted
729 3196 782 3242 into
791 3197 845 3241 thot
860 3195 946 3252 body;
967 3195 1060 3251 butas

106 3266 165 3311 with
200 3283 304 3325 sensum,
335 3269 385 3315 and
415 3269 569 3314 understood
598 3266 624 3313 in
635 3267 676 3312 the
686 3267 758 3311 times
774 3265 805 3311 of
816 3265 858 3311 the
875 3265 949 3321 kiugs
972 3264 991 3310 it
1008 3275 1060 3309 was
1137 3309 1142 3318 ,

107 3333 166 3378 with
181 3337 298 3382 celeritas.
339 3337 370 3382 In
384 3336 473 3394 regurd
488 3339 515 3381 to
530 3336 569 3384 his
599 3335 743 3382 considered
773 3333 993 3380 nnconstitntional
1021 3333 1061 3378 ior

107 3399 189 3459 death,
200 3417 240 3451 see
252 3405 294 3450 life
304 3405 334 3450 oi
344 3405 434 3461 Scipio,
445 3415 507 3460 pugo
517 3403 568 3449 231.
599 3408 772 3448 nou-sonumrs
792 3407 818 3448 tc
837 3403 895 3448 take
914 3407 969 3460 part
987 3403 1013 3447 ln
1028 3402 1060 3446 its

136 3471 171 3517 13.
187 3475 349 3520 celeberrimos
370 3470 568 3531 lectissimasque]
599 3473 779 3529 deliberations,
790 3473 810 3517 lt
818 3483 869 3517 was
877 3469 997 3528 provided
1006 3470 1060 3514 that

109 3535 186 3588 Thess
196 3543 329 3601 adjectives
336 3555 379 3587 ars
387 3541 507 3587 attracted
518 3541 570 3586 into
599 3540 670 3586 there
679 3537 906 3598 shouldbejoined
920 3543 946 3584 to
960 3538 1002 3583 the
1016 3548 1059 3594 pa·

336 3602 375 3660 iu
