2492 3900
320 223 537 276 ALEXANDRI
561 223 682 276 MAGNI
704 226 817 277 LIBER
840 226 874 277 V.
1018 227 1077 288 119

478 579 627 652 LIBER
662 581 706 654 V.

545 711 590 776 [v.
611 713 650 776 1-r

157 803 183 865 I.
198 800 431 867 Baarnorrmnr
452 809 633 887 procedenti
655 809 836 869 Alexandro
851 808 1004 885 Mazaeus,
1019 811 1072 890 qui

115 922 156 961 ex
178 904 243 962 acie
264 905 294 961 in
318 923 387 962 eam
409 905 517 963 urbem
539 905 728 983 confugerat,
744 926 814 966 cum
836 906 949 965 adultis
969 907 1071 969 liberis

114 1001 247 1078 supplex
262 1001 403 1072 occurrit,
419 1001 526 1058 urbem
541 1020 638 1079 seque
654 1002 781 1061 dedens.
823 1001 937 1061 Gratus
959 1003 1072 1063 adveu-

114 1104 169 1154 tus
183 1096 248 1153 eius
263 1095 328 1174 regi
349 1095 426 1154 fuit:
448 1096 561 1175 quippe
583 1096 688 1174 magni
709 1097 809 1176 operis
830 1097 950 1157 obsidio
968 1099 1071 1158 futura

115 1198 184 1248 erat
198 1198 261 1247 tarn
276 1189 414 1248 munitae
436 1189 528 1249 urbis.
569 1189 623 1248 Ad
645 1190 703 1250 hoc
718 1191 765 1250 vir
777 1191 913 1250 inlustris
932 1201 964 1251 et
977 1213 1070 1252 manu
1095 1202 1117 1264 Ι5

113 1297 275 1364 promptus
289 1287 429 1366 famaque
444 1287 538 1346 etiam
550 1287 690 1366 proximo
705 1287 820 1366 proelio
835 1288 962 1348 celebris
977 1299 1009 1349 et
1023 1309 1070 1349 oe-

112 1391 197 1441 teros
211 1383 249 1440 ad
265 1383 456 1442 deditionem
471 1384 518 1442 sni
534 1384 716 1444 incitaturus
738 1384 879 1462 exemplo
895 1383 1067 1446 videbatur.

110 1471 214 1551 Igitur
226 1474 310 1533 hunc
325 1475 451 1553 quidem
465 1475 599 1553 benigne
622 1495 691 1534 cum
714 1475 816 1534 liberis
831 1473 965 1554 excipit:
986 1486 1068 1536 cete-

109 1589 179 1629 rum
206 1571 357 1649 quadrato
386 1573 518 1650 agmine,
547 1572 630 1651 quod
659 1572 722 1650 ipse
751 1572 892 1645 ducebat,
920 1573 1006 1652 velut
1033 1573 1066 1634 iu

109 1665 205 1723 aciem
227 1666 316 1738 irent,
331 1666 452 1744 ingredi
472 1686 543 1726 suos
558 1666 652 1725 iubet.
684 1665 799 1744 Magna
814 1686 884 1744 pars
898 1665 1113 1745 Babyloni-10

108 1773 196 1820 orum
219 1765 401 1824 constiterat
423 1765 454 1823 in
479 1764 582 1837 muris,
607 1764 699 1823 avida
719 1763 927 1842 cognoscendi
947 1784 1064 1824 novum

107 1879 231 1939 regem:
263 1861 365 1939 plures
386 1861 509 1920 obviam
536 1861 650 1940 egressi
672 1870 752 1920 sunt.
803 1859 892 1920 Inter
913 1881 989 1941 quos
1004 1861 1064 1920 Ba-

107 1958 273 2036 goplranes,
293 1960 369 2019 arcis
392 1970 424 2020 et
445 1960 547 2038 regiae
568 1960 717 2039 pecuniae
739 1968 851 2033 custos,
871 1980 911 2018 ne
926 1959 1064 2019 studioa

106 2053 234 2132 Mazaeo
250 2056 432 2130 vinceretur,
446 2065 548 2116 toturn
570 2056 630 2116 iter
650 2056 775 2115 floribus
796 2055 979 2134 coronisque
994 2075 1064 2115 con-

107 2162 269 2226 straverat,
284 2155 438 2232 argenteis
461 2153 609 2213 altaribus
632 2162 763 2231 utroque
784 2151 879 2211 latere
895 2150 1110 2230 dispositis,15

107 2269 184 2328 quae
199 2271 261 2309 non
276 2260 343 2311 ture
364 2252 467 2324 modo,
482 2251 537 2311 sed
559 2250 702 2310 omnibus
723 2249 869 2309 odoribus
890 2248 1063 2309 cumulave-

106 2355 163 2406 rat.
203 2346 297 2408 Dona
311 2368 382 2407 eum
395 2348 604 2427 sequebantur
616 2366 727 2426 greges
742 2364 888 2425 pecorum
904 2364 1063 2424 equorum·

273 2519 357 2553 urana
372 2519 397 2552 v.
626 2505 648 2552 5.
664 2501 885 2563 maaupromptra]
928 2501 1062 2547 ‘Braveln

134 2598 278 2645 Alexander
293 2604 374 2645 enters
389 2598 513 2655 Babylon.
543 2598 567 2643 A
596 2573 697 2619 “cm‘’
755 2641 780 2651 ,,

105 2667 252 2725 description
263 2669 292 2713 of
298 2670 352 2713 tbat
362 2668 420 2725 city.
594 2638 905 2755 mddddgffldm'wq
937 2638 989 2685 ‘T0
1006 2650 1060 2685 ⁸¹¹1·

135 2781 156 2828 1.
171 2782 344 2841 Babyloniam]
407 2781 479 2827 Astur
524 2782 566 2827 the
624 2778 646 2825 8.
662 2779 775 2838 ceterum]
806 2780 842 2823 As
863 2778 1005 2823 Alexander
1017 2777 1061 2823 dld

105 2855 225 2907 conquest
248 2851 277 2896 or
303 2851 396 2908 Egypt,
422 2849 566 2895 Alexander
595 2852 640 2894 not
657 2852 720 2893 trust
738 2848 780 2893 the
799 2847 999 2902 inhabitantsbe
1018 2859 1060 2893 en-

104 2920 222 2965 retumed
253 2923 279 2964 to
307 2920 375 2973 Asin,
400 2919 451 2964 and
475 2916 567 2975 liuving
596 2919 664 2964 tercd
675 2918 717 2963 the
727 2918 777 2975 city
788 2918 813 2962 tn
823 2918 897 2962 bctue
905 2929 986 2975 arruy.

104 2988 244 3044 conquered
283 2987 375 3033 Darius
406 2993 432 3031 at
466 2987 565 3042 Arbela,
624 2988 646 3033 9.
662 2986 895 3047 quadratoupmiae]
932 2988 977 3033 ‘In
986 2987 1060 3033 order

104 3060 170 3103 went
180 3064 206 3101 to
216 3056 507 3115 Babylon-Mazaeus]
533 3057 567 3100 At
595 3058 625 3103 os
632 3058 723 3114 battle,’
734 3070 761 3104 so
772 3059 826 3103 that
842 3059 883 3104 the
895 3057 974 3103 whole
991 3057 1059 3115 body

104 3128 204 3182 Arbela,
226 3127 343 3171 Mazaeus
364 3126 414 3172 hnd
434 3126 566 3171 command
595 3128 922 3185 formeduperallelogram.

104 3196 182 3242 ottbe
193 3196 294 3242 Persian
304 3196 412 3252 cavalry.
442 3196 513 3241 Alter
524 3196 565 3241 the
625 3199 660 3243 14.
676 3198 723 3244 iter
726 3197 839 3258 flandras]
872 3198 1012 3255 According
1032 3197 1059 3241 to

105 3266 181 3311 battle
202 3267 233 3311 he
250 3266 370 3312 retreated
391 3270 417 3311 to
443 3266 563 3322 Babylon,
595 3266 637 3311 the
648 3266 748 3311 Persian
759 3273 863 3311 cnstom.

106 3335 149 3380 but
166 3335 238 3380 nmde
254 3347 270 3380 a
286 3335 420 3390 voluntary
434 3334 565 3379 surrendcr
624 3336 659 3383 17.
675 3333 963 3394 Dona-sequebantur]
1005 3331 1058 3377 The

106 3402 502 3460 ontheapproachol'Alexandor,
510 3402 565 3447 who
598 3405 703 3449 Asiatica
728 3416 802 3449 never
831 3401 987 3461 approaehud
1014 3398 1058 3447 tue

106 3472 238 3530 appointed
248 3473 300 3518 him
313 3470 435 3529 sempor
445 3471 568 3529 Babylon.
597 3471 659 3530 king
669 3472 714 3517 but
723 3472 783 3518 with
792 3470 860 3528 gista.
