2492 3900
128 224 187 286 278
393 222 432 274 u.
456 221 586 274 ruath
610 219 804 274 monronis
896 182 899 187 ’

128 418 206 480 quac
221 418 339 459 summe
361 406 442 471 sunt,
465 397 632 475 pervenire,
653 384 818 458 coniuncta
838 405 871 458 et
899 396 1078 459 consociata

128 516 199 557 cum
220 495 315 554 altera
332 495 523 573 pervenirem
545 514 623 573 quae
639 494 665 553 si
679 514 756 573 quos
771 494 851 553 inter
871 493 1000 554 societas
1022 478 1095 553 aut'

129 602 177 651 est
198 600 252 651 aut
272 590 331 650 fuit
356 599 410 650 aut
432 591 537 650 futura
558 598 613 663 est,
635 610 740 650 eorum
766 600 815 651 est
845 590 1006 650 habendus
1035 588 1079 649 ad

128 708 280 747 summum
297 697 424 746 naturae
434 686 550 746 bonurn
567 687 703 765 optimus
715 686 971 766 beatissimusque
986 685 1079 746 comi·

42 848 45 862 ς
100 784 220 844 dtatus.
263 785 309 844 84.
332 784 418 843 Haec
440 794 494 856 est,
518 783 652 862 inquam,
674 783 813 855 societas,
836 782 868 841 in
893 791 953 862 qua
975 782 1079 842 omnia

129 881 241 954 insunt,
253 901 330 959 quae
341 889 451 958 putant
462 880 602 940 homines
614 880 796 957 expetenda,
808 880 962 953 honestae,
972 878 1078 958 gloria,

128 978 333 1056 tranquillitas
345 976 438 1036 animi
450 988 543 1056 atque
556 976 738 1049 iucunditas,
751 985 793 1049 ut,
808 984 840 1035 et
855 996 926 1035 cnm
939 977 1014 1037 haec
1025 976 1078 1035 ad·

129 1075 200 1147 sint,
221 1074 313 1134 beata
331 1072 396 1133 vita
412 1073 452 1133 sit
466 1084 498 1133 et
517 1072 582 1133 siue
603 1072 652 1131 his
670 1092 739 1131 esse
761 1092 822 1130 non
838 1072 943 1150 possit
984 1072 1078 1143 Quod

130 1192 201 1231 cum
220 1171 372 1251 optimum
392 1170 621 1250 maximumque
637 1168 685 1242 sit,
699 1168 725 1227 si
738 1168 770 1227 id
786 1168 1079 1249 volumusudipisci,

83 1278 121 1339 10
130 1268 237 1328 virtuti
260 1288 352 1347 opera
367 1266 470 1327 danda
491 1276 546 1339 est,
561 1266 626 1326 sine
641 1275 703 1344 qua
722 1285 779 1325 nec
794 1265 961 1326 amicitiam
978 1285 1079 1345 neque

129 1364 225 1423 ullam
247 1385 312 1424 rem
334 1363 537 1443 expetendam
561 1361 708 1440 consequi
732 1382 913 1440 possumus3
944 1374 981 1423 ea
1003 1380 1079 1423 vero

129 1462 280 1539 neglecta,
294 1460 390 1539 quise
402 1460 516 1519 anricus
530 1459 644 1517 habere
660 1459 854 1534 arbitrantur,
868 1469 934 1520 tum
946 1480 980 1521 se
994 1459 1081 1520 deni·

131 1577 191 1636 que
206 1576 321 1616 errasse
344 1556 491 1628 sentiunt,
515 1565 583 1614 cum
606 1574 659 1615 eos
680 1556 782 1633 gravis
803 1557 911 1636 aliquis
925 1576 1013 1617 casus
1027 1575 1081 1617 ex·

43 1638 51 1723 ,’
92 1672 96 1679 ’
131 1654 222 1733 periri
237 1653 330 1730 cogit.
373 1652 419 1712 85.
442 1651 829 1725 Quocirca-dicendum
844 1663 892 1713 est
913 1654 994 1714 euim
1015 1672 1080 1713 sae-

32 1734 44 1774 s
84 1756 122 1815 15
132 1749 341 1828 pius-cum
372 1747 564 1821 indicaveris,
594 1749 722 1827 diligere
751 1758 882 1828 oportet,
909 1770 980 1824 non,
1007 1770 1080 1819 cum

132 1844 283 1917 dilexeris,
297 1844 441 1903 iudicare,
483 1843 545 1903 Sed
561 1864 631 1903 cum
647 1846 751 1905 multis
766 1846 795 1904 io
812 1847 902 1905 rebus
917 1833 1080 1926 neglegenss

131 1940 175 2001 tia
194 1940 365 2019 plectimur,
386 1953 453 2000 tum
475 1941 608 2001 maxime
631 1941 662 2002 in
684 1943 789 2002 amicis
809 1954 841 2003 et
862 1944 1026 2022 diligendis
1047 1954 1081 2005 et

132 2038 289 2112 colendis3
320 2039 524 2117 praeposteris
550 2039 633 2098 enim
658 2040 773 2099 utimur
796 2039 929 2099 consiliis
945 2040 984 2100 ¹et
1010 2050 1082 2101 acta

133 2135 262 2215 agimus,
282 2135 364 2215 quod
389 2144 530 2194 vetamur
555 2131 659 2195 vetere
682 2136 854 2214 proverbio.
895 2136 1081 2216 Naminpli-

84 2235 122 2297 20
132 2232 194 2292 cati
209 2233 289 2292 ultro
305 2244 336 2292 et
351 2232 428 2292 citro
443 2233 491 2292 vel
506 2252 563 2292 usu
579 2233 726 2292 diuturno
740 2234 790 2293 vel
804 2234 896 2293 etiam
918 2234 1024 2294 officiis
1038 2254 1082 2294 re-

131 2339 225 2410 pente
239 2329 269 2390 in
286 2329 389 2390 medio
404 2349 494 2390 cursu
504 2329 654 2394 amicitias
676 2338 785 2390 exorta
802 2330 904 2410 aliqua
914 2329 1081 2391 offensione

133 2426 347 2504 dirnmpimus.

173 2522 299 2583 XXIII.
323 2523 370 2584 86.
412 2521 483 2595 Quo
507 2523 601 2583 etiam
622 2523 719 2600 magis
740 2521 944 2600 vituperanda
968 2522 1081 2584 estrei

132 2621 265 2680 maxime
281 2619 469 2680 necessariae
485 2630 573 2680 tanta
595 2619 720 2679 incuria.
761 2619 836 2680 Una
850 2629 898 2680 εει
912 2621 994 2679 enim
1009 2620 1082 2679 ami-

84 2725 123 2788 25
133 2719 205 2780 citia'
219 2718 250 2777 in
266 2719 356 2778 rebus
371 2718 521 2791 humanis,
536 2717 575 2776 de
590 2716 677 2776 ouius
693 2715 826 2776 utilitate
837 2736 944 2780 omnes
957 2737 1016 2776 uno
1031 2736 1082 2775 ore

161 2877 184 2924 2.
198 2891 257 2938 quos
270 2875 345 2937 inter]
382 2875 433 2923 Fer
448 2875 513 2922 inter
528 2890 594 2936 quos,
623 2879 680 2922 actu
695 2874 799 2934 aqimus]
842 2875 866 2920 A
886 2875 1024 2932 proverbial
1039 2887 1083 2920 ex-

132 2945 167 3004 by
177 2946 334 3002 anastrophe.
623 2947 732 3004 pression
748 2946 786 2990 for
806 2945 855 2990 loss
878 2944 907 2989 os
932 2947 1015 2998 labor;
1032 2948 1083 2989 ‘we

160 3015 183 3061 3.
199 3013 292 3073 eonem]
320 3013 366 3059 We
377 3013 468 3059 should
477 3014 539 3060 hare
550 3026 594 3059 ex·
623 3015 686 3060 hare
697 3027 743 3060 oar
753 3015 821 3059 labor
829 3014 868 3058 for
877 3026 923 3059 our
938 3013 1025 3070 palus!
1046 3013 1084 3059 ef.

131 3085 219 3144 pected
238 3086 295 3129 here
311 3083 341 3138 r's,
352 3083 447 3128 Instead
459 3084 488 3128 os
502 3097 593 3136 eorum,
623 3085 738 3140 Tercncc,
749 3085 864 3140 adelphi,
876 3084 900 3128 ii.
911 3083 933 3136 2,
945 3082 981 3127 24.

131 3152 252 3207 referring
262 3156 288 3196 ιο
298 3152 405 3204 coeteros,
419 3151 464 3195 but
474 3152 595 3199 attracted
652 3153 689 3198 20.
704 3153 871 3212 ultroetcitro]
890 3152 1085 3210 ‘Mutually.’-

132 3222 185 3268 luto
195 3222 237 3266 the
247 3221 340 3275 gender
349 3220 378 3264 of
390 3220 526 3265 comitatus.
623 3223 717 3284 effoth]
749 3223 795 3268 ‘In
806 3223 866 3268 kind
876 3222 976 3268 officesss

163 3291 197 3336 16.
213 3289 363 3348 neyleyentiu
369 3289 508 3353 plectimur]
535 3291 595 3336 ‘We
653 3293 690 3337 23.
709 3292 845 3341 Οιιοειίαηι
855 3290 944 3351 maffia]
970 3291 1085 3336 ‘Where-

132 3371 173 3405 are
185 3357 310 3414 punished
318 3357 356 3400 sor
366 3369 413 3401 our
423 3357 580 3412 negligeres!
625 3360 677 3404 fore
687 3373 748 3405 even
766 3361 808 3404 the
826 3372 893 3405 more
901 3359 922 3412 ;’
938 3360 954 3404 i.
965 3372 987 3404 ε.
998 3372 1030 3403 on
1045 3371 1085 3402 ae-

163 3426 197 3472 18.
210 3424 520 3484 praeposteris-utimur]
534 3427 594 3472 ‘We
624 3433 699 3472 count
723 3429 753 3472 of
780 3428 822 3474 the
851 3428 970 3483 unhappy
995 3427 1085 3472 results

132 3495 167 3542 dc
190 3495 244 3540 that
271 3492 415 3539 afterwards
446 3494 527 3539 which
558 3507 594 3540 we
624 3496 705 3540 which
720 3496 803 3541 follow
818 3497 881 3541 from
902 3497 1044 3554 negligence
1058 3497 1085 3542 iu

133 3563 225 3612 should
234 3564 266 3610 do
281 3562 341 3619 first,
358 3563 415 3619 vin,
431 3562 595 3609 cousidcr.'-
614 3563 666 3609 the
676 3564 759 3611 choica
769 3565 798 3610 of
808 3577 854 3611 our
863 3564 966 3612 friends.
