2492 3900
208 253 268 313 206
478 253 516 303 Μ.
542 252 669 305 TULLII
693 251 888 304 CICERONIS

207 430 260 489 fex
275 430 427 490 maximus
441 430 540 491 factus
555 432 628 490 est?
668 429 768 510 Atqui
789 449 842 489 eos
860 450 976 503 ornnes,
990 449 1070 509 quos
1084 449 1187 489 com-

209 528 386 601 memoravi,
410 528 457 587 his
482 529 592 588 studiis
616 529 783 606 flagrantes
809 547 897 586 senes
922 527 1067 586 vidimus.
1126 525 1184 586 M.

208 622 285 682 voro
299 625 481 704 Cethegum,
493 646 586 703 quem
600 635 683 684 recte
698 632 715 660 “
727 623 850 684 Suadae
871 623 1037 683 medullam
1047 622 1066 651 ”
1082 623 1181 682 dixit

209 718 339 793 Ennius,
353 732 469 799 quanto
490 722 592 781 studio
613 721 750 782 exerceri
771 721 802 780 in
824 721 956 780 dicendo
976 720 1179 780 videbamus

182 819 304 878 betium
331 819 455 878 senem!
504 819 592 891 Quae
620 829 694 879 suut
721 819 817 898 igitur
844 819 1003 897 epularum
1032 827 1090 877 aut
1121 817 1177 876 lu-

210 914 320 975 dorum
351 961 358 975 .
388 960 395 975 .
426 960 434 975 .
465 916 642 995 voluptates
667 936 738 976 cum
761 915 809 975 hia
839 914 1051 993 voluptatibus
1078 934 1174 973 oom-

208 1011 388 1090 parandae?
416 1012 522 1092 Atque
537 1012 613 1073 haeo
628 1012 753 1092 quidem
766 1012 868 1073 studia
881 1011 1059 1086 doctriuae;
1082 1030 1173 1091 quae

210 1108 334 1187 quidem
361 1110 565 1189 prudentibus
593 1119 626 1169 et
652 1109 731 1169 boue
765 1107 917 1168 institutis
943 1107 1059 1187 pariter
1089 1127 1170 1168 cum

209 1215 311 1265 aetate
325 1216 474 1281 crescunt,
488 1216 525 1266 ut
538 1207 704 1267 honestum
726 1205 803 1264 illud
819 1205 939 1265 Solonis
953 1204 1002 1279 sit,
1016 1204 1103 1284 quod
1120 1205 1170 1265 ait

161 1304 199 1365 10
210 1301 359 1362 versiculo
374 1302 519 1382 quodam,
533 1310 569 1362 ut
583 1312 655 1361 ante
677 1301 751 1375 dixi,
765 1308 782 1337 ‘⁴
793 1320 952 1360 senescere
966 1320 1000 1360 se
1013 1301 1116 1359 multa
1131 1300 1168 1360 in

209 1397 275 1457 dies
299 1396 554 1473 addiscentem;”
582 1409 642 1477 qua
665 1398 825 1477 voluptate
850 1396 944 1456 animi
967 1397 1051 1455 nulla
1074 1407 1167 1456 certe

208 1504 313 1573 potest
327 1514 392 1555 esse
406 1495 512 1555 maior.

248 1590 323 1650 XV.
345 1591 391 1652 51.
432 1590 536 1652 Venio
564 1612 647 1652 nunc
675 1591 715 1651 ad
739 1591 917 1671 voluptates
946 1590 1165 1670 agricolarum,

209 1686 320 1765 quibus
332 1708 390 1767 ego
401 1688 619 1749 incredibiliter
630 1688 784 1763 delector;
806 1698 883 1768 quae
897 1708 955 1748 neo
968 1689 1031 1747 ulla
1044 1686 1166 1767 iupedi-

161 1783 200 1843 15
209 1792 303 1841 untur
326 1794 486 1844 senectute
510 1794 543 1845 et
566 1784 642 1844 mihi
666 1785 704 1845 ad
729 1785 878 1865 sapientis
898 1784 996 1844 vitam
1019 1784 1163 1864 proxime

209 1879 354 1940 videntur
367 1882 521 1942 accedere.
563 1882 692 1943 Habent
712 1882 794 1943 enim
815 1881 967 1941 rationem
982 1876 1057 1941 'cum
1070 1891 1162 1955 terra,

209 1997 288 2056 quae
316 1997 483 2058 numquam
507 1990 629 2040 recusat
653 1979 805 2059 inperium
835 1999 893 2038 uec
920 1999 1065 2058 umquam
1092 1978 1162 2038 sine

209 2086 302 2133 usura
315 2075 418 2135 reddit
432 2076 515 2154 quod
538 2076 665 2156 accepit,
679 2077 734 2136 sed
748 2077 823 2134 alias
837 2076 964 2148 minore,
978 2077 1160 2154 plerumque

208 2170 323 2230 maiore
338 2191 408 2230 cum
423 2171 537 2232 fenore.
580 2172 777 2252 Quamquam
798 2191 848 2230 me
867 2171 993 2251 quidem
1007 2193 1068 2231 nou
1083 2171 1160 2231 fruc

161 2267 200 2325 20
209 2276 258 2326 tus
272 2268 373 2342 modo,
387 2268 441 2328 sed
456 2269 550 2328 etiam
561 2269 655 2349 ipsius
667 2280 766 2329 terrae
783 2269 830 2328 ria
842 2288 878 2328 ac
891 2279 1002 2328 natura
1015 2268 1158 2329 delectat.

209 2365 306 2439 Quae,
320 2386 391 2425 eum
409 2366 526 2446 gremio
548 2366 669 2426 mollito
690 2386 726 2425 ac
746 2366 876 2425 subacto
896 2385 1037 2444 sparsum
1054 2385 1158 2426 semen

209 2462 339 2540 excepit,
352 2462 485 2542 primum
499 2463 532 2523 id
554 2474 749 2548 occaecatum
765 2463 898 2536 cohibet,
917 2482 956 2521 ex
970 2484 1032 2542 quo
1046 2469 1063 2499 “
1073 2483 1158 2523 occa·

208 2559 253 2620 tio
263 2559 280 2588 '²
302 2580 381 2640 quae
394 2561 453 2621 hoc
468 2561 560 2621 efficit
574 2561 732 2621 nominata
748 2570 796 2621 est
805 2581 814 2637 ;
836 2560 949 2620 deiude
970 2561 1156 2640 tepefactum

237 2719 259 2765 8.
270 2719 427 2779 pmdevaiha
436 2725 459 2767 et
468 2721 525 2767 bene
536 2719 666 2780 institistis]
726 2721 763 2767 21.
776 2721 880 2782 premio]
906 2721 960 2767 The
975 2721 1081 2767 ablativa
1099 2719 1155 2766 hera

208 2787 239 2836 In
249 2789 292 2835 the
307 2791 389 2836 dative
407 2791 470 2836 aster
484 2793 600 2836 crescunt.
630 2789 668 2835 Cf.
698 2802 826 2848 expresses
837 2790 896 2836 both
906 2803 922 2836 a
932 2790 996 2836 local
1009 2790 1061 2836 and
1070 2790 1155 2834 instru-

208 2857 271 2904 miti
295 2858 387 2905 abacos·
413 2859 513 2906 movim
547 2858 668 2905 inimicos.
698 2860 792 2906 mental
801 2860 920 2915 relcuom
936 2860 1014 2905 hence
1029 2860 1050 2905 tt
1063 2859 1083 2904 is
1096 2858 1153 2905 used

209 2927 259 2972 cic.
270 2939 314 2984 pro
324 2929 410 2984 Sestio,
422 2929 505 2974 xxxii.
516 2929 552 2975 69.
698 2929 803 2975 without
812 2928 855 2973 tho
869 2929 1020 2985 proposition
1029 2927 1064 2974 is.
1071 2927 1152 2972 -mt-

239 2995 274 3041 10.
289 2997 453 3056 adontodixt]
485 2997 625 3044 Invitae.
698 2997 761 3058 aeto]
804 2997 955 3053 ‘Subdued,'
980 2998 997 3043 l.
1013 3010 1036 3044 e.
1055 2996 1150 3043 aratris.

238 3063 274 3108 14.
290 3063 524 3124 quibua-delector]
541 3065 604 3111 Cato
617 3066 670 3112 had
698 3067 738 3112 ΟΥ.
753 3070 841 3125 aeyeter
850 3065 971 3126 opncolae
981 3065 1152 3125 mtiqrtntam

208 3131 312 3177 himself
315 3133 413 3179 written
422 3146 438 3178 a
447 3134 522 3190 hook,
531 3134 569 3180 De
579 3148 605 3180 re
615 3150 673 3180 nce
698 3135 744 3182 tria
759 3137 833 3182 nacho
843 3139 909 3190 anu,
920 3149 993 3194 ortam
1002 3138 1091 3191 amam,
1104 3134 1151 3181 Cic.

124 3217 126 3222 ·
208 3200 266 3247 tiro.
697 3203 962 3261 Frag.p.981,12,11.

239 3271 274 3318 16.
289 3272 554 3332 Hasna-rationem]
582 3274 669 3320 ‘Have
724 3272 761 3317 22.
777 3271 877 3330 occatio]
911 3271 1150 3328 Aihncifuletymol-

209 3341 336 3399 dealings!
373 3341 425 3387 Tho
443 3342 548 3387 relation
558 3343 588 3387 of
600 3344 668 3388 cred·
696 3353 754 3396 orry.
774 3340 871 3386 Oceatio
883 3342 903 3385 is
916 3341 1022 3385 without
1033 3341 1105 3386 doubt
1114 3341 1151 3385 dc·

209 3409 258 3454 itor
271 3409 401 3468 (apricola)
417 3413 444 3454 to
456 3410 498 3455 the
513 3410 600 3455 dcbtor
613 3411 670 3468 (tea
696 3409 765 3454 rived
776 3409 839 3454 from
848 3423 910 3465 occo,
923 3413 964 3453 ‘to
977 3409 1092 3465 harrom’
1104 3422 1150 3465 por·
1209 3437 1215 3442 -

209 3478 258 3536 ra),
273 3479 294 3523 is
307 3480 359 3524 also
370 3478 470 3534 implied
480 3478 506 3522 in
516 3479 558 3524 the
574 3479 670 3524 follow.
697 3477 758 3534 hapa
769 3477 827 3521 ahin
838 3481 863 3520 to
874 3477 915 3521 tho
928 3483 982 3522 root
1005 3490 1061 3532 nc-‚
1080 3477 1149 3523 which

209 3545 252 3602 ing
262 3547 356 3592 words:
375 3560 418 3591 neo
428 3558 545 3604 umquam
554 3545 606 3592 aine
613 3559 669 3592 ura·
698 3556 799 3601 appears
809 3546 834 3590 in
847 3546 920 3591 cto-tea
929 3562 938 3599 ;
950 3546 1033 3591 whilst
1039 3547 1150 3592 occaecata

209 3614 505 3676 rh'rcddt‘tquodoocepit.
698 3614 772 3660 allicd
783 3615 842 3660 with
855 3629 948 3672 caecus,
960 3615 1063 3662 ‘blind'
