2492 3900
331 214 498 276 nautius,
524 215 609 267 srva
634 216 684 266 un
708 214 888 292 aurorum.
1025 214 1085 278 257

134 389 211 452 tutis
232 389 337 470 opinio
358 391 458 467 fuerit,
480 392 601 453 difficile
623 401 672 453 est
692 392 860 453 amicitiam
880 410 1014 466 manere,
1027 391 1053 452 si
1066 412 1087 453 a

134 488 250 549 virtute
266 488 420 549 defeceris.
465 490 512 549 38.
534 489 669 561 Quodsi
683 500 802 548 rectum
823 488 1020 551 statuerimus
1036 489 1087 548 vel

134 584 303 644 concedere
318 584 424 645 amicis
446 585 596 665 quidquid
619 585 717 653 velint
738 585 789 645 rel
809 584 974 663 impetrare
989 584 1028 656 ab
1043 584 1087 659 eis

135 680 285 759 quidquid
307 680 445 754 velimus,
465 682 601 759 perfecta
621 681 747 760 quidem
769 681 921 760 sapientia
941 680 1046 755 simus,
1059 679 1087 752 ‚si

134 775 211 835 nihil
234 776 348 836 habeat
371 796 419 837 res
433 776 522 852 vitii3
543 777 597 837 sed
619 777 773 856 loquimur
787 776 826 837 de
841 777 885 837 eis
907 775 1019 852 amicis,
1034 777 1115 859 quib

135 882 207 929 ante
222 871 326 930 oculos
338 881 419 945 sunt,
431 891 508 950 quos
521 870 654 930 vidimus
670 881 724 931 aut
736 871 774 930 de
786 870 895 951 quibus
906 860 1086 954 memoriam

135 967 318 1047 accepimus,
332 988 409 1047 quos
424 969 513 1029 novit
528 969 594 1029 vita
605 968 787 1029 communis.
821 968 871 1027 Ex
886 970 945 1028 hoc
959 988 1087 1028 numero

135 1064 225 1124 nobis
247 1066 388 1143 exempla
409 1066 560 1125 sumenda
583 1075 666 1139 sunt,
681 1075 832 1126 eteorum
849 1065 974 1144 quidem
994 1064 1088 1124 maxi·
1155 1128 1158 1136 ,

135 1180 195 1234 me,
216 1161 268 1239 qui
291 1162 330 1220 ad
354 1158 539 1241 sapientiam
564 1162 704 1242 proxime
723 1163 884 1223 accedunt.
925 1162 973 1221 39.
993 1160 1088 1242 Vide

135 1277 204 1317 mus
217 1256 337 1337 Papum
352 1258 521 1319 Aemilium
536 1259 571 1320 O.
585 1258 719 1320 Luscino
740 1258 921 1319 familiarem
935 1256 1088 1330 fuisse‚v-
1097 1260 1135 1321 10

135 1354 180 1415 sic
203 1374 221 1413 a
243 1354 382 1434 patribus
404 1356 695 1435 accepimus,-bis
710 1367 771 1416 una
791 1356 939 1428 consules,
954 1353 1088 1432 collegas

134 1451 167 1511 in
188 1462 318 1511 censura
327 1472 336 1526 ;
356 1461 423 1512 tum
439 1462 554 1513 etcum
570 1452 614 1513 eis
630 1463 662 1514 et
675 1452 758 1513 inter
771 1472 805 1518 se
819 1450 1087 1522 coniunctissimos

134 1548 228 1623 fuisse
243 1547 293 1611 Μ’.
302 1548 429 1609 Curium
443 1548 491 1609 Ti.
506 1549 736 1611 Coruncanium
751 1549 915 1609 memoriae
928 1547 1088 1628 proditum

135 1656 194 1706 est.
236 1644 338 1725 Igitur
350 1666 389 1706 ne
410 1646 557 1725 suspicari
578 1646 702 1725 quidem
721 1665 885 1725 possumus
899 1632 1087 1723 quemquam

135 1740 245 1801 horum
270 1742 309 1801 ab
333 1742 433 1803 amico
454 1742 612 1822 quidpiam
631 1742 846 1815 contendisse,
870 1741 953 1820 quod
978 1750 1086 1819 contra
1096 1737 1134 1798 15
1225 1766 1228 1773 ·

134 1838 237 1913 fidem,
252 1839 421 1900 contraius
436 1839 608 1913 iurandum,
623 1849 731 1899 contra
745 1859 810 1898 rem
824 1838 978 1917 publicam
993 1847 1085 1899 esset.

134 1935 217 1996 Nam
234 1937 293 1997 hoc
314 1936 438 2017 quidem
453 1936 485 1997 in
500 1936 614 1998 talibus
630 1935 702 1997 viris
721 1936 795 2017 quid
810 1935 922 1997 attinet
936 1936 1046 2011 dicere,
1059 1935 1086 2021 si

135 2033 353 2107 contendisset,
368 2034 606 2114 impetraturum
627 2055 690 2096 non
712 2033 831 2094 fuisse?
852 2053 923 2093 cum
938 2033 982 2093 illi
1000 2016 1087 2094 sanb-

134 2129 246 2189 tissimi
260 2129 317 2189 viri
331 2129 464 2206 fuerint3
486 2150 582 2210 aeque
604 2139 708 2190 autem
731 2130 815 2190 nefas
837 2129 879 2189 sit
892 2130 954 2189 tale
969 2128 1084 2209 aliquid

135 2235 167 2285 et
190 2227 289 2287 facere
311 2237 454 2306 rogatum
480 2237 512 2288 et
535 2237 653 2306 rogare.
694 2227 741 2287 At
762 2247 835 2286 vero
846 2212 897 2286 Ti.
912 2226 1083 2287 Gracchum
1094 2229 1134 2288 20

135 2323 345 2401 sequebantur
359 2324 393 2384 O.
409 2323 510 2384 Oarbo
526 2325 561 2385 O.
577 2325 666 2398 Cato,
681 2334 713 2384 et
727 2324 853 2384 minime
872 2333 941 2384 tum
960 2322 1086 2402 quidem

136 2419 230 2480 Gaius
244 2419 345 2495 irater,
359 2440 442 2481 nunc
454 2421 538 2482 idem
553 2422 727 2482 acerrimus.

162 2579 186 2624 4.
197 2577 478 2640 perfecta-sapientia]
492 2581 559 2627 Such
567 2593 595 2627 as
624 2594 671 2627 nus
682 2580 721 2626 ior
730 2580 769 2626 his
779 2579 917 2637 opposition
927 2583 954 2625 to
963 2577 1006 2624 the
1016 2589 1086 2635 agra-

133 2648 177 2694 the
187 2647 265 2694 Stoies
276 2649 317 2706 lay
328 2648 402 2695 down
411 2649 521 2696 tortheir
530 2651 594 2698 ideal
623 2649 776 2695 rianlawoi
794 2649 930 2694 Gracchus.
960 2647 1006 2693 See
1024 2657 1086 2703 page

134 2717 261 2763 standard.
623 2718 748 2764 zib-G.
762 2716 832 2776 Octo]
858 2717 911 2761 The
919 2727 1032 2773 younger
1040 2726 1086 2760 son

164 2787 198 2832 10.
215 2787 313 2846 Papum
324 2787 467 2848 Aemilium]
499 2790 528 2840 Q.
546 2789 595 2835 Pa·
623 2787 654 2833 of
665 2787 727 2833 Cato
742 2785 890 2842 Licinianus,
901 2785 951 2830 and
960 2784 1086 2841 grandson

133 2867 180 2912 pus
191 2856 310 2901 Aemilius
320 2856 370 2902 had
381 2858 408 2903 0.
418 2856 546 2902 Fabricius
558 2857 595 2903 ior
624 2857 654 2902 oi
661 2857 723 2902 Cato
731 2856 773 2902 the
784 2867 885 2908 censen
901 2854 933 2900 he
940 2865 990 2899 was
997 2853 1022 2898 in
1033 2853 1086 2910 pol·

133 2924 171 2970 his
182 2924 307 2981 colleague
318 2937 345 2970 as
356 2925 450 2982 consui,
462 2925 491 2970 B.
508 2925 535 2971 C.
550 2925 594 2972 282
623 2928 677 2972 itics
692 2938 708 2971 a
723 2925 835 2971 iollowcr
854 2925 884 2971 oi
894 2924 932 2969 Ti.
948 2923 1085 2968 Gracchus.

132 2993 341 3049 unctissimas
356 3006 450 3050 censor,
463 2996 491 3040 Β.
503 2995 531 3041 O.
542 2995 593 3044 275.
622 2995 759 3040 -ma'm'me
779 2993 852 3053 iuml.
883 2995 933 3039 ‘At
951 2993 1006 3039 that
1025 2993 1086 3038 time
1131 3003 1134 3008 ·

162 3064 197 3112 17.
213 3063 402 3124 quid-dicere]
440 3066 531 3110 ‘What
541 3077 594 3112 rea·
623 3065 657 3122 by
667 3075 700 3109 no
708 3075 793 3108 mcans
800 3075 831 3108 an
839 3060 960 3118 agitator!

133 3143 178 3177 son
190 3134 209 3177 is
221 3133 289 3179 rbere
299 3133 339 3178 for
348 3135 437 3192 sayiug
446 3134 512 3190 this‚’
523 3141 569 3181 ete.
653 3134 690 3179 22.
708 3133 783 3178 Ocius
791 3130 889 3194 frater]
913 3130 975 3176 ‘ffls
985 3129 1087 3177 bmther

162 3195 197 3247 1'8.
212 3202 397 3261 impetraturam
419 3203 477 3264 non]
507 3204 595 3251 Notica
625 3203 714 3258 Caius,¹
726 3203 783 3248 who
793 3213 843 3247 was
854 3201 914 3246 with
929 3200 971 3247 the
981 3213 1052 3257 army
1061 3205 1087 3246 at

132 3271 174 3316 the
186 3272 290 3327 position
301 3271 394 3328 cirson,
405 3273 484 3317 which
494 3273 593 3320 rendere
623 3273 759 3318 Numantia
774 3272 864 3328 during
873 3273 916 3316 the
925 3270 1033 3328 politicul
1044 3283 1086 3328 ag·

132 3339 175 3384 the
190 3340 303 3397 negative
316 3339 369 3384 idea
380 3340 511 3396 emphatic.
620 3341 721 3400 itations
731 3341 760 3385 oi
772 3340 810 3384 his
822 3339 924 3384 brother
937 3338 1050 3384 Tiberius
1060 3342 1087 3382 at

161 3407 198 3453 21.
216 3407 341 3467 adorto]
359 3408 398 3453 Hc
406 3419 456 3454 was
464 3409 595 3465 suspected
624 3409 817 3454 Roma-nanc
826 3408 902 3468 idem]
933 3408 1087 3453 cicerohere

132 3476 162 3523 oi
176 3477 305 3536 poisoning
323 3478 364 3524 the
376 3489 490 3536 younger
500 3478 595 3525 Africa·
625 3478 735 3536 isguiity
744 3479 774 3525 of
785 3491 801 3524 a
810 3479 887 3537 slight
901 3477 1085 3524 anachronism.

381 3563 417 3622 17
