2492 3900
303 268 472 330 MELIUS,
497 266 584 319 SIVE
607 267 658 317 Du
681 268 863 320 AMICITIA.
1005 268 1063 330 271

111 465 188 521 esse,
202 454 238 505 ut
252 445 404 505 amicitiae
420 465 530 505 munus
541 445 699 525 expletum
714 443 782 505 sit.”
824 448 871 507 68.
893 446 1063 507 Novitates

111 543 263 615 autem,si
289 562 375 621 spem
400 542 551 615 adferunt,
577 552 611 601 nt
636 552 794 621 tamquam
820 542 850 601 in
876 544 978 603 herbis
998 564 1062 603 non

109 639 269 699 fallacibus
290 640 408 698 fructus
431 637 587 716 adpareat,
608 658 671 697 non
694 649 767 698 sunt
787 638 858 698 illae
873 639 999 718 quidem
1018 660 1064 699 re·

109 733 308 811 pudiendae3
344 741 482 791 vetustas
509 742 614 792 tamen
638 752 696 791 suo
723 732 792 792 loco
829 733 1063 808 conservanda3

109 829 245 887 maxima
259 838 307 888 est
318 829 400 887 enim
413 829 461 888 vIs
473 828 638 888 vetustatis
653 840 685 888 et
700 830 942 889 consuetudinis.
977 829 1061 901 Quin
1092 835 1111 895 5

109 925 202 982 etiam
217 924 247 983 in
264 925 331 1003 ipso
346 944 434 1003 eque,
447 924 533 984 cuius
549 924 642 984 modo
652 925 712 985 feci
723 926 922 997 mentionem,
936 925 962 985 si
977 927 1063 985 nulla

39 1042 45 1053 ·
108 1040 157 1080 res
173 1021 320 1099 inpediat,
335 1041 426 1081 nemo
442 1029 490 1081 est
505 1020 578 1100 quin
593 1041 640 1095 eo,
654 1041 716 1101 quo
731 1022 902 1095 consuevit,
917 1022 1062 1081 libentius

108 1128 216 1177 utatur
230 1138 321 1197 quarn
335 1118 503 1177 intractato
519 1127 550 1177 et
565 1137 666 1193 nov03
687 1138 745 1178 nec
759 1137 834 1178 vero
848 1118 880 1177 in
894 1119 962 1192 hoc,
978 1117 1061 1196 quod

109 1224 158 1273 est
169 1214 289 1287 animal,
304 1214 359 1273 sed
373 1214 405 1273 in
421 1214 465 1273 eis
479 1214 582 1287 etiam,
597 1234 676 1293 quae
691 1223 764 1275 sunt
778 1214 923 1286 inanima,
934 1234 1062 1274 consue·

108 1310 186 1372 tudo
201 1311 301 1385 valet3
323 1330 392 1371 cum
405 1311 480 1370 loeis
492 1310 565 1389 ipsis
575 1310 773 1384 delectemur,
784 1310 955 1370 montuosis
968 1299 1061 1370 etiain
1073 1318 1110 1379 10

109 1418 141 1466 et
169 1407 368 1480 silvestribus,
396 1406 427 1466 in
455 1407 566 1486 quihus
594 1406 710 1467 (liutius
738 1407 920 1467 commorati
948 1428 1062 1468 sumus.

109 1505 156 1563 69.
179 1504 240 1563 Sed
256 1504 423 1562 maximum
439 1513 486 1563 est
501 1504 532 1562 ln
547 1503 683 1567 amicitia
703 1523 808 1583 parem
829 1524 897 1563 esse
916 1504 1061 1563 inferiori.

89 1598 209 1678 'Saepe
237 1600 320 1658 enim
348 1600 547 1660 excellentiae
576 1599 728 1679 quaedam
763 1609 845 1673 sunt,
869 1600 968 1678 qualis
995 1611 1062 1660 erat

110 1696 260 1775 Scipionis
284 1696 315 1755 in
338 1706 452 1769 nostre,
474 1708 509 1756 ut
530 1696 575 1756 ita
595 1696 706 1769 dicam,
726 1716 830 1775 grege.
880 1696 1060 1775 Numquam

108 1813 144 1863 se
166 1793 217 1852 ille
242 1792 342 1866 Philo,
367 1813 536 1871 numquam
558 1792 694 1871 Rupilio,
718 1812 887 1871 numquam
908 1790 1110 1854 Mummiolh

73 1893 76 1897 ’
109 1890 294 1970 anteposuit,
308 1910 476 1970 numquam
491 1889 642 1950 inferioris
656 1889 772 1950 ordinis
784 1889 897 1950 amicis.
932 1889 971 1962 Q.
987 1911 1061 1951 vero

107 1989 281 2048 Maximum
292 1988 426 2061 fratrem,
441 1987 599 2067 egregium
615 1987 715 2046 virum
730 1987 865 2060 omnine,
876 1987 934 2047 sibi
949 2000 1061 2068 nequa

109 2106 201 2165 qnam
225 2105 339 2164 parem,
358 2085 441 2163 quod
465 2084 492 2144 is
517 2085 656 2144 anteibat
677 2092 788 2157 aetate,
803 2094 961 2163 tamquam
976 2105 1063 2164 supe·

48 2187 49 2190 ’
108 2183 218 2244 riorem
243 2183 373 2256 colebat,
387 2203 519 2262 suosque
544 2202 652 2242 omnes
676 2201 731 2260 per
746 2192 784 2241 ‘se
806 2201 872 2240 esse
894 2181 1059 2261 ampliores

138 2357 159 2403 1.
175 2357 311 2417 Nopitatea]
368 2357 447 2404 ‘New
479 2357 568 2404 friend·
599 2369 664 2403 were
682 2356 863 2414 distinguished
885 2357 923 2402 for
940 2357 1005 2402 their
1024 2357 1061 2402 ln-

109 2426 194 2482 ships!
218 2417 222 2425 ’
598 2427 723 2473 tellectual
750 2427 846 2472 culture
869 2427 920 2472 and
950 2427 1006 2472 love
1028 2427 1058 2471 ol'

137 2494 159 2540 2.
174 2492 371 2555 nortfallacihta]
399 2493 570 2540 ‘Thatdonot
599 2497 717 2553 learning.
762 2497 899 2540 Mummius
933 2508 984 2540 was
1018 2495 1060 2541 the

108 2563 248 2619 disappoint
257 2563 300 2608 the
313 2562 390 2618 hopes
401 2562 431 2608 of
444 2563 486 2607 the
496 2563 569 2609 sarm-
598 2565 699 2609 brother
709 2564 738 2608 ot*
752 2564 780 2608 L.
791 2563 937 2619 Mummius,
949 2563 990 2609 the
1001 2575 1059 2609 eon-

108 2631 152 2678 er.’
182 2630 220 2676 Ct'.
231 2630 304 2685 Ouid,
315 2631 347 2676 V.
361 2631 410 2675 140.
599 2634 724 2690 querorof
731 2632 842 2678 Corinth.

136 2699 159 2745 3.
174 2698 241 2757 illae]
274 2699 311 2744 Cf.
323 2710 384 2758 page
394 2698 445 2754 270,
457 2698 506 2746 line
517 2700 554 2746 14.
629 2703 664 2751 17.
680 2701 824 2760 naamam]
842 2701 1059 2752 orabmsuax-
1154 2711 1156 2715 ·

137 2769 158 2818 7.
174 2767 358 2828 mmccreeuevit]
390 2769 428 2814 Sc.
439 2769 485 2814 uti.
597 2774 666 2819 imus
682 2773 844 2826 Aemilianus,
861 2771 904 2816 the
919 2771 998 2817 oldest
1013 2783 1059 2817 son

137 2838 172 2884 12.
187 2838 320 2884 maximum
335 2837 380 2898 en]
411 2839 448 2884 ‘It
459 2839 479 2884 is
488 2839 516 2885 of
527 2839 569 2886 the
597 2841 662 2886 ofL.
675 2840 778 2885 Paullus
794 2840 914 2886 Aemilius
925 2839 1058 2885 Macedon·

95 2912 214 2966 egreatest
228 2907 395 2965 importunae!
431 2908 435 2913 “
597 2913 660 2965 icus,
681 2910 730 2954 and
751 2909 828 2954 hence
851 2908 894 2954 the
913 2910 1012 2954 brother
1026 2909 1057 2954 of

137 2979 171 3023 13.
188 2977 349 3038 rescientiae]
362 2978 568 3034 Quariatesnhcn
597 2978 677 3034 selpIo
711 2978 874 3033 Aemilianus,
905 2978 956 3023 had
996 2979 1059 3023 been

107 3048 241 3093 attributed
256 3052 282 3093 to
299 3049 393 3094 several
407 3059 516 3105 persons,
526 3060 568 3094 are
597 3047 703 3104 adopted
722 3049 755 3105 by
766 3047 796 3098 Q.
812 3045 905 3092 Fabius
920 3046 1057 3093 Maximus.

107 3117 248 3174 frequently
274 3119 336 3164 used
349 3119 387 3164 vin
411 3119 453 3164 the
477 3118 568 3175 plural.
596 3141 627 3151 -
640 3117 739 3163 omnino
759 3139 789 3150 -
804 3118 901 3177 parem]
933 3118 1058 3164 ‘Cerndn-

107 3184 251 3241 'l'heplural
268 3185 294 3230 in
312 3186 362 3230 this
379 3197 434 3231 case
449 3185 516 3231 osten
527 3187 568 3231 de·
598 3178 633 3242 ly,
645 3188 712 3244 (bnt)
730 3189 763 3242 by
783 3199 816 3231 no
836 3199 921 3232 means
938 3187 1010 3242 eqnal
1031 3194 1058 3233 to

107 3258 176 3297 notes
187 3253 300 3299 different
310 3253 402 3311 species
412 3254 442 3300 of
448 3255 490 3300 the
501 3266 567 3299 same
596 3255 712 3300 himself!
727 3256 779 3301 The
790 3258 905 3301 omIssion
914 3256 992 3302 nithe
1000 3269 1058 3301 eon·

107 3322 248 3378 quality.-
257 3323 355 3380 Zumpt,
368 3321 426 3382 192,
441 3327 499 3368 note
511 3324 532 3369 1.
599 3325 712 3381 junction
723 3326 879 3380 strengthens
890 3326 931 3370 the
942 3325 1058 3370 adversa·

137 3390 171 3435 15.
180 3391 290 3436 Philo-
298 3390 431 3450 Rupilio-
438 3391 566 3450 Mummio]
597 3393 648 3436 tivc
658 3392 720 3437 idea.

106 3459 186 3505 These
197 3461 230 3506 all
241 3461 363 3518 belonged
374 3466 399 3506 to
409 3462 464 3506 that
479 3463 568 3507 coterie
627 3462 661 3506 19.
674 3476 720 3520 per
728 3460 934 3521 arr-ampliores]
960 3460 1011 3506 ‘To
1019 3472 1057 3506 re·

105 3529 567 3586 orgrnupofscholarswhcclustered
597 3531 664 3576 ceive
684 3531 820 3578 additional
836 3532 931 3589 dignity
948 3529 1057 3588 through

105 3598 204 3645 arcuna
223 3597 304 3656 supro
327 3598 378 3645 and
396 3598 502 3656 Laelius,
518 3599 568 3646 and
597 3601 713 3647 himself.’
