2492 3900
271 233 367 317 ΟᾸΤΟ
390 264 521 327 MAIOR,
547 264 633 317 SIVE
657 265 707 317 nh
731 266 959 319 sarchorum.
1028 267 1086 329 195

131 442 335 523 pugnandum
348 450 505 522 tamquam
521 451 628 503 contra
641 443 783 502 morbum
799 442 844 503 sic
858 454 965 503 contra
984 464 1088 506 senec

132 548 232 600 tutem
244 560 253 615 ;
275 542 322 600 36.
344 540 487 599 habenda
502 540 580 599 ratio
601 540 809 615 valetudinis3
831 542 979 601 utendum
1005 562 1088 601 exer-

131 636 330 697 citationibus
351 637 495 710 modicis;
518 647 640 695 tantum
655 637 715 696 cibi
736 647 768 697 et
788 638 924 717 potionis
944 639 1089 699 adhiben-
1111 671 1117 682 ·

132 734 216 806 dum,
231 744 265 793 ut
280 734 455 793 reficiantur
469 734 558 805 vires,
580 753 641 792 non
664 735 888 812 opprimantur.
929 734 999 794 Nec
1014 755 1087 794 vero

132 829 252 907 corpori
267 829 322 889 soli
339 830 586 890 subveniendum
609 842 665 904 est,
681 832 735 889 sed
752 831 847 890 menti
869 842 962 911 atque
984 832 1086 891 animo
1116 824 1135 885 5

131 926 231 985 multo
245 926 353 1004 magis.
395 926 428 985 N
430 948 478 985 am
495 928 571 987 haec
586 948 717 1007 quoque,
733 928 792 987 nisi
808 941 966 1008 tamquam
979 930 1088 990 lumini

133 1022 234 1081 oleum
247 1022 387 1095 inutillus,
397 1024 635 1102 exstinguuntur
642 1010 811 1085 senectute.
832 1024 875 1084 Et
886 1046 1014 1105 corpora
1023 1027 1088 1107 qui-

134 1118 205 1177 dem
227 1118 482 1179 exercitationum
503 1121 724 1199 defatigatione
746 1122 973 1201 ingravescunt,
994 1124 1088 1185 animi

134 1224 239 1274 autem
261 1216 432 1276 exercendo
452 1217 603 1277 levantur.
645 1216 730 1276 Nam
751 1238 828 1297 quos
844 1218 888 1280 ait
903 1218 1054 1279 Caecilius

396 1384 403 1398 .
423 1384 430 1398 .
450 1383 457 1398 .
476 1342 591 1399 cimices
605 1340 700 1399 stultos
713 1364 799 1409 senes,
1097 1333 1135 1393 10
1203 1397 1208 1409 ,

133 1460 190 1519 hos
206 1460 359 1539 significat
373 1460 522 1535 credulos,
533 1460 707 1534 obliviosos,
719 1460 887 1522 dissolutos
895 1481 904 1536 ;
919 1481 997 1541 quae
1011 1462 1087 1523 vitia

103 1550 110 1559 ’
133 1567 206 1616 sunt
221 1577 282 1617 non
304 1557 480 1631 senectutis,
501 1556 556 1617 sed
577 1557 693 1630 inertis,
708 1558 848 1635 ignavae,
861 1558 1086 1619 somniculosae

134 1653 309 1713 senectutis.
351 1652 399 1715 Ut
414 1654 594 1732 petulantia,
616 1663 651 1714 ut
674 1654 770 1714 libido
785 1655 882 1734 magis
903 1667 951 1715 est
970 1655 1088 1716 adules-

133 1750 278 1823 centium,
293 1770 384 1829 quam
407 1770 525 1823 senum,
546 1770 603 1810 nec
624 1760 729 1809 tamen
753 1751 890 1811 omnium
913 1752 1088 1812 adulescen-

132 1842 220 1918 tium,
237 1845 291 1905 sed
312 1865 374 1904 non
395 1844 570 1923 proborum,
592 1844 636 1904 sic
650 1844 709 1903 ista
723 1845 828 1905 senilis
851 1846 992 1920 stultitia,
1007 1866 1086 1926 quae
1097 1852 1134 1912 15

133 1942 275 2002 deliratio
291 1940 437 2021 appellari
448 1941 536 2015 solet,
549 1962 656 2002 senum
668 1941 784 2002 levium
799 1952 855 2016 est,
866 1963 927 2002 non
940 1944 1087 2006 omnium.

134 2039 181 2098 37.
203 2037 361 2109 Quattuor
382 2037 525 2096 robustos
548 2037 634 2110 filios,
649 2036 785 2117 quinque
800 2036 887 2111 filias,
902 2047 1022 2098 tantam
1036 2039 1088 2099 do·

133 2154 228 2208 mum,
253 2144 357 2194 tantas
382 2133 539 2197 clientelas
562 2134 686 2214 Appius
712 2135 840 2215 regebat
865 2144 897 2194 et
922 2154 1031 2195 caecus
1055 2144 1088 2196 et

134 2250 249 2304 senex3
270 2231 424 2291 intentum
439 2230 520 2290 enim
537 2230 682 2305 animum,
697 2240 856 2311 tamquam
870 2250 982 2304 arcum,
996 2231 1089 2290 babe-

133 2327 197 2402 bat,
216 2349 273 2389 nec
287 2329 488 2407 languescens
503 2328 724 2388 succumbebat
745 2327 906 2387 senectuti.
947 2327 1088 2387 Tenebat
1096 2333 1136 2394 20

134 2444 197 2485 non
217 2426 310 2485 modo
332 2424 557 2500 auctoritatem,
578 2424 634 2484 sed
655 2426 749 2485 etiam
770 2423 921 2504 inperium
944 2423 975 2483 in
998 2442 1088 2497 suos3

89 2601 90 2604 ¹
162 2583 185 2630 3.
199 2582 369 2644 odilhardum]
402 2583 550 2641 Secorpori.
624 2582 1088 2640 'l’horelatirehcrereierstothequal-

162 2652 184 2699 9.
202 2653 331 2713 Caecitas]
377 2653 477 2709 Statius,
493 2654 595 2711 already
624 2651 680 2698 itia
694 2652 828 2708 expressed
838 2652 872 2709 by
883 2652 925 2696 the
933 2651 1073 2708 adjectlres.

134 2721 275 2768 mentioned
285 2721 309 2767 in
320 2721 370 2767 viii.
380 2721 417 2767 25.
447 2722 499 2768 The
514 2723 595 2768 whole
652 2721 692 2768 16.
709 2719 832 2778 deliratio]
865 2719 1006 2778 ‘Dotage3’
1030 2719 1089 2766 deti-

134 2802 204 2852 verse
222 2791 242 2836 is
260 2791 352 2848 quoted
367 2791 393 2837 in
403 2791 441 2837 De
451 2791 507 2836 Am.
522 2791 594 2838 xxvi.
624 2803 682 2836 rure
695 2801 746 2834 was
762 2787 893 2845 originally
908 2801 941 2833 an
956 2789 1089 2846 agricultu-

134 2859 170 2905 99.
626 2859 662 2904 ral
677 2862 749 2914 mian,
766 2858 905 2915 meaning‘
914 2862 940 2902 to
956 2870 988 2915 go
1006 2862 1090 2915 astray

164 2927 198 2974 10.
214 2927 325 2988 cumaea]
358 2929 408 2974 As
418 2929 478 2986 they
489 2929 598 2976 occurro
629 2927 720 2972 iroma
735 2925 980 2984 liueinploughing3
988 2927 1089 2982 ',hencc

135 2996 273 3042 comedies!
304 2997 371 3043 The
397 2997 532 3045 humeros
555 2999 597 3043 the
627 2997 762 3054 generally,
796 2998 840 3042 ‘to
865 2996 962 3043 deviatc
986 2995 1050 3042 from
1074 3007 1091 3041 a

134 3066 231 3111 ancient
242 3067 347 3122 comcdy
362 3066 490 3124 generally
506 3066 596 3113 turned
627 3066 732 3122 straight
748 3065 815 3119 lino‚'
831 3066 889 3121 and,
900 3065 1090 3124 tropieally,tc

135 3146 199 3190 upon
211 3147 279 3181 some
289 3135 332 3181 old
346 3149 414 3193 man,
426 3135 483 3182 who
492 3149 542 3181 tras
552 3149 596 3182 ex·
626 3135 678 3181 lose
688 3136 755 3181 onc's
766 3133 836 3180 wite!

134 3203 228 3250 hibited
249 3205 403 3263 throughout
422 3206 464 3251 the
485 3206 552 3262 piece
569 3215 596 3250 as
657 3204 692 3250 18.
708 3204 812 3263 Appius]
844 3204 940 3261 Appius
961 3204 1090 3250 Claudius.

134 3276 287 3332 perpetually
298 3276 410 3334 imposrd
426 3289 493 3332 upon
510 3279 542 3333 by
554 3276 595 3321 the
626 3273 664 3318 Cf.
675 3273 707 3317 vl.
718 3274 816 3319 lta-et
823 3272 1022 3331 saceraotem]
1032 3271 1090 3316 ·Al·

136 3344 242 3401 cunning
252 3344 282 3390 oi
295 3357 327 3389 an
337 3345 413 3390 amful
424 3344 490 3390 valct
500 3345 548 3389 and
559 3346 595 3388 in·
625 3342 720 3398 though
736 3342 795 3387 both
811 3343 881 3387 blind
895 3343 944 3388 and
960 3341 1019 3387 old.’
1049 3341 1090 3386 He

135 3412 242 3470 higuing
260 3413 580 3459 courtesan.'-Melmoth.
627 3412 675 3457 lost
694 3412 733 3456 his
754 3413 827 3467 sight,
849 3425 877 3456 as
895 3412 959 3467 Livy
975 3423 1041 3466 says,
1052 3410 1092 3454 lor

164 3481 199 3525 11.
215 3480 258 3526 bos
276 3481 409 3542 signficari]
451 3482 505 3538 ‘By
529 3482 597 3526 these
627 3480 720 3536 having
735 3479 844 3524 directed
860 3480 902 3524 the
911 3479 1018 3523 Potitlun
1030 3479 1091 3522 iam·

135 3548 165 3595 he
175 3562 261 3596 means
271 3550 295 3604 ;’
310 3549 353 3596 bos
363 3551 384 3595 is
396 3562 442 3596 oue
453 3550 483 3596 of
495 3555 543 3596 two
558 3563 598 3594 ac·
629 3549 665 3605 ily
675 3554 702 3594 to
717 3550 821 3593 instruct
836 3549 901 3593 their
916 3549 997 3593 slaves
1012 3547 1038 3592 iu
1048 3545 1091 3592 the

136 3619 257 3666 emeres
276 3618 341 3666 atter
354 3618 597 3680 &questrat-qaae]
628 3619 687 3664 rites
697 3617 818 3663 sacredto
829 3616 958 3662 Hercules.
