<?xml version="1.0" encoding="UTF-8"?>
<!DOCTYPE html PUBLIC "-//W3C//DTD XHTML 1.0 Transitional//EN"
    "http://www.w3.org/TR/xhtml1/DTD/xhtml1-transitional.dtd">
<html xmlns="http://www.w3.org/1999/xhtml" xml:lang="en" lang="en">
 <head>
  <title>
</title>
<meta http-equiv="Content-Type" content="text/html;charset=utf-8" />
  <meta name='ocr-system' content='tesseract 3.04.00' />
  <meta name='ocr-capabilities' content='ocr_page ocr_carea ocr_par ocr_line ocrx_word'/>
</head>
<body>
  <div class='ocr_page' id='page_1' title='image "./selectionsfroml00gardgoog_0149.png"; bbox 0 0 2492 3900; ppageno 0'>
   <div class='ocr_carea' id='block_1_1' title="bbox 284 232 1061 310">
    <p class='ocr_par' dir='ltr' id='par_1_1' title="bbox 284 232 1061 310">
     <span class='ocr_line' id='line_1_1' title="bbox 284 232 1061 310; baseline 0.012 -22"><span class='ocrx_word' id='word_1_1' title='bbox 284 233 501 288; x_wconf 78' lang='lat' dir='ltr'>ALnxAunui</span> <span class='ocrx_word' id='word_1_2' title='bbox 525 232 646 285; x_wconf 77' lang='lat' dir='ltr'>Maeui</span> <span class='ocrx_word' id='word_1_3' title='bbox 669 233 781 285; x_wconf 83' lang='lat' dir='ltr'>LIBER</span> <span class='ocrx_word' id='word_1_4' title='bbox 803 233 885 290; x_wconf 83' lang='lat' dir='ltr'>vm.</span> <span class='ocrx_word' id='word_1_5' title='bbox 1003 235 1061 310; x_wconf 58' lang='lat'>13]</span> 
     </span>
    </p>
   </div>
   <div class='ocr_carea' id='block_1_2' title="bbox 106 412 1115 2437">
    <p class='ocr_par' dir='ltr' id='par_1_2' title="bbox 106 412 1063 591">
     <span class='ocr_line' id='line_1_2' title="bbox 106 412 1063 492; baseline 0 -18"><span class='ocrx_word' id='word_1_6' title='bbox 106 412 204 474; x_wconf 58' lang='lat' dir='ltr'>mrem</span> <span class='ocrx_word' id='word_1_7' title='bbox 219 414 312 488; x_wconf 82' lang='lat' dir='ltr'>solue,</span> <span class='ocrx_word' id='word_1_8' title='bbox 324 413 382 474; x_wconf 81' lang='lat' dir='ltr'>ned</span> <span class='ocrx_word' id='word_1_9' title='bbox 397 413 486 472; x_wconf 81' lang='lat' dir='ltr'>luero</span> <span class='ocrx_word' id='word_1_10' title='bbox 500 412 630 472; x_wconf 88' lang='lat' dir='ltr'>humero</span> <span class='ocrx_word' id='word_1_11' title='bbox 645 432 741 492; x_wconf 88' lang='lat' dir='ltr'>usque</span> <span class='ocrx_word' id='word_1_12' title='bbox 756 412 796 473; x_wconf 85' lang='lat' dir='ltr'>ad</span> <span class='ocrx_word' id='word_1_13' title='bbox 817 434 887 474; x_wconf 83' lang='lat' dir='ltr'>ossa</span> <span class='ocrx_word' id='word_1_14' title='bbox 909 414 1063 475; x_wconf 81' lang='lat' dir='ltr'>laceratus</span> 
     </span>
     <span class='ocr_line' id='line_1_3' title="bbox 107 509 1063 591; baseline -0.001 -20"><span class='ocrx_word' id='word_1_15' title='bbox 107 511 148 571; x_wconf 86' lang='lat' dir='ltr'>ad</span> <span class='ocrx_word' id='word_1_16' title='bbox 165 511 309 571; x_wconf 90' lang='lat' dir='ltr'>ultimum</span> <span class='ocrx_word' id='word_1_17' title='bbox 323 510 451 589; x_wconf 87' lang='lat' dir='ltr'>periculi</span> <span class='ocrx_word' id='word_1_18' title='bbox 466 519 656 589; x_wconf 83' lang='lat' dir='ltr'>pervenerat.</span> <span class='ocrx_word' id='word_1_19' title='bbox 699 509 737 570; x_wconf 92' lang='lat' dir='ltr'>Id</span> <span class='ocrx_word' id='word_1_20' title='bbox 756 509 859 589; x_wconf 83' lang='lat' dir='ltr'>ipsum</span> <span class='ocrx_word' id='word_1_21' title='bbox 874 513 1063 591; x_wconf 80' lang='lat' dir='ltr'>exprobrans</span> 
     </span>
    </p>

    <p class='ocr_par' dir='ltr' id='par_1_3' title="bbox 107 607 1114 1558">
     <span class='ocr_line' id='line_1_4' title="bbox 108 607 1062 686; baseline -0.001 -19"><span class='ocrx_word' id='word_1_22' title='bbox 108 607 137 667; x_wconf 88' lang='lat' dir='ltr'>ei</span> <span class='ocrx_word' id='word_1_23' title='bbox 152 628 215 681; x_wconf 84' lang='lat' dir='ltr'>rex,</span> <span class='ocrx_word' id='word_1_24' title='bbox 228 608 347 681; x_wconf 81' lang='lat' dir='ltr'>fortius,</span> <span class='ocrx_word' id='word_1_25' title='bbox 362 627 455 686; x_wconf 91' lang='lat' dir='ltr'>quam</span> <span class='ocrx_word' id='word_1_26' title='bbox 469 607 590 666; x_wconf 85' lang='lat' dir='ltr'>locutus</span> <span class='ocrx_word' id='word_1_27' title='bbox 604 616 661 680; x_wconf 82' lang='lat' dir='ltr'>est,</span> <span class='ocrx_word' id='word_1_28' title='bbox 674 607 757 667; x_wconf 84' lang='lat' dir='ltr'>fecit.</span> <span class='ocrx_word' id='word_1_29' title='bbox 791 607 876 667; x_wconf 90' lang='lat' dir='ltr'>Nam</span> <span class='ocrx_word' id='word_1_30' title='bbox 888 609 984 668; x_wconf 87' lang='lat' dir='ltr'>feram</span> <span class='ocrx_word' id='word_1_31' title='bbox 1000 628 1062 667; x_wconf 91' lang='lat' dir='ltr'>uon</span> 
     </span>
     <span class='ocr_line' id='line_1_5' title="bbox 108 702 1064 782; baseline 0 -20"><span class='ocrx_word' id='word_1_32' title='bbox 108 704 232 782; x_wconf 76' lang='lat' dir='ltr'><strong>excepit</strong></span> <span class='ocrx_word' id='word_1_33' title='bbox 252 704 355 777; x_wconf 91' lang='lat' dir='ltr'>modo,</span> <span class='ocrx_word' id='word_1_34' title='bbox 369 702 424 763; x_wconf 79' lang='lat' dir='ltr'>ned</span> <span class='ocrx_word' id='word_1_35' title='bbox 446 703 541 763; x_wconf 88' lang='lat' dir='ltr'>etiam</span> <span class='ocrx_word' id='word_1_36' title='bbox 562 723 624 762; x_wconf 91' lang='lat' dir='ltr'>uno</span> <span class='ocrx_word' id='word_1_37' title='bbox 646 704 774 762; x_wconf 86' lang='lat' dir='ltr'>vulnere</span> <span class='ocrx_word' id='word_1_38' title='bbox 796 705 918 764; x_wconf 88' lang='lat' dir='ltr'>oceidit.</span> <span class='ocrx_word' id='word_1_39' title='bbox 961 703 1064 763; x_wconf 85' lang='lat' dir='ltr'>Fabu-</span> 
     </span>
     <span class='ocr_line' id='line_1_6' title="bbox 107 799 1112 880; baseline 0.001 -21"><span class='ocrx_word' id='word_1_40' title='bbox 107 801 180 873; x_wconf 85' lang='lat' dir='ltr'>lam,</span> <span class='ocrx_word' id='word_1_41' title='bbox 195 821 274 880; x_wconf 91' lang='lat' dir='ltr'>quae</span> <span class='ocrx_word' id='word_1_42' title='bbox 295 801 449 860; x_wconf 89' lang='lat' dir='ltr'>obiectum</span> <span class='ocrx_word' id='word_1_43' title='bbox 472 801 554 860; x_wconf 90' lang='lat' dir='ltr'>leoni</span> <span class='ocrx_word' id='word_1_44' title='bbox 576 820 594 859; x_wconf 89' lang='lat' dir='ltr'>a</span> <span class='ocrx_word' id='word_1_45' title='bbox 615 821 688 878; x_wconf 85' lang='lat' dir='ltr'>rege</span> <span class='ocrx_word' id='word_1_46' title='bbox 710 799 930 877; x_wconf 78' lang='lat' dir='ltr'>Lysimachum</span> <span class='ocrx_word' id='word_1_47' title='bbox 945 813 1063 862; x_wconf 86' lang='lat' dir='ltr'>temere</span> <span class='ocrx_word' id='word_1_48' title='bbox 1094 808 1112 867; x_wconf 86' lang='lat'><strong>5</strong></span> 
     </span>
     <span class='ocr_line' id='line_1_7' title="bbox 108 897 1064 976; baseline 0.002 -20"><span class='ocrx_word' id='word_1_49' title='bbox 108 898 260 975; x_wconf 85' lang='lat' dir='ltr'>vulgavit,</span> <span class='ocrx_word' id='word_1_50' title='bbox 275 898 365 957; x_wconf 88' lang='lat' dir='ltr'>abeo</span> <span class='ocrx_word' id='word_1_51' title='bbox 387 917 467 970; x_wconf 88' lang='lat' dir='ltr'>casu,</span> <span class='ocrx_word' id='word_1_52' title='bbox 489 917 581 976; x_wconf 89' lang='lat' dir='ltr'>quem</span> <span class='ocrx_word' id='word_1_53' title='bbox 603 916 696 976; x_wconf 77' lang='lat' dir='ltr'>supra</span> <span class='ocrx_word' id='word_1_54' title='bbox 717 897 860 971; x_wconf 79' lang='lat' dir='ltr'>diximus,</span> <span class='ocrx_word' id='word_1_55' title='bbox 875 909 975 958; x_wconf 85' lang='lat' dir='ltr'>ortam</span> <span class='ocrx_word' id='word_1_56' title='bbox 997 918 1064 958; x_wconf 85' lang='lat' dir='ltr'>esse</span> 
     </span>
     <span class='ocr_line' id='line_1_8' title="bbox 109 993 1065 1076; baseline 0.003 -23"><span class='ocrx_word' id='word_1_57' title='bbox 109 994 301 1054; x_wconf 86' lang='lat' dir='ltr'>crediderim.</span> <span class='ocrx_word' id='word_1_58' title='bbox 344 994 490 1053; x_wconf 87' lang='lat' dir='ltr'>Ceterum</span> <span class='ocrx_word' id='word_1_59' title='bbox 504 993 702 1066; x_wconf 82' lang='lat' dir='ltr'>Macedduea,</span> <span class='ocrx_word' id='word_1_60' title='bbox 716 1013 903 1073; x_wconf 71' lang='lat' dir='ltr'>quztmquam</span> <span class='ocrx_word' id='word_1_61' title='bbox 918 1016 1065 1076; x_wconf 84' lang='lat' dir='ltr'>prospero</span> 
     </span>
     <span class='ocr_line' id='line_1_9' title="bbox 110 1090 1064 1171; baseline 0.002 -21"><span class='ocrx_word' id='word_1_62' title='bbox 110 1100 227 1151; x_wconf 89' lang='lat' dir='ltr'>eventu</span> <span class='ocrx_word' id='word_1_63' title='bbox 241 1091 406 1151; x_wconf 80' lang='lat' dir='ltr'>defunctus</span> <span class='ocrx_word' id='word_1_64' title='bbox 420 1100 488 1150; x_wconf 86' lang='lat' dir='ltr'>erat</span> <span class='ocrx_word' id='word_1_65' title='bbox 500 1090 690 1163; x_wconf 83' lang='lat' dir='ltr'>Alexander,</span> <span class='ocrx_word' id='word_1_66' title='bbox 701 1101 810 1153; x_wconf 79' lang='lat' dir='ltr'>tamen</span> <span class='ocrx_word' id='word_1_67' title='bbox 832 1092 947 1152; x_wconf 86' lang='lat' dir='ltr'>scivere</span> <span class='ocrx_word' id='word_1_68' title='bbox 962 1094 1064 1171; x_wconf 82' lang='lat' dir='ltr'>gentis</span> 
     </span>
     <span class='ocr_line' id='line_1_10' title="bbox 110 1187 1065 1266; baseline 0.002 -18"><span class='ocrx_word' id='word_1_69' title='bbox 110 1208 184 1248; x_wconf 79' lang='lat' dir='ltr'>suae</span> <span class='ocrx_word' id='word_1_70' title='bbox 206 1209 301 1263; x_wconf 87' lang='lat' dir='ltr'>more,</span> <span class='ocrx_word' id='word_1_71' title='bbox 320 1208 360 1248; x_wconf 92' lang='lat' dir='ltr'>ne</span> <span class='ocrx_word' id='word_1_72' title='bbox 382 1196 437 1248; x_wconf 87' lang='lat' dir='ltr'>aut</span> <span class='ocrx_word' id='word_1_73' title='bbox 461 1187 556 1266; x_wconf 85' lang='lat' dir='ltr'>pedes</span> <span class='ocrx_word' id='word_1_74' title='bbox 577 1196 744 1247; x_wconf 86' lang='lat' dir='ltr'>venaretur·</span> <span class='ocrx_word' id='word_1_75' title='bbox 763 1198 818 1248; x_wconf 90' lang='lat' dir='ltr'>aut</span> <span class='ocrx_word' id='word_1_76' title='bbox 849 1189 1065 1250; x_wconf 84' lang='lat' dir='ltr'>einedelectie</span> 
     </span>
     <span class='ocr_line' id='line_1_11' title="bbox 110 1280 1114 1364; baseline 0.005 -19"><span class='ocrx_word' id='word_1_77' title='bbox 110 1284 284 1364; x_wconf 81' lang='lat' dir='ltr'>principum</span> <span class='ocrx_word' id='word_1_78' title='bbox 316 1295 409 1364; x_wconf 88' lang='lat' dir='ltr'>atque</span> <span class='ocrx_word' id='word_1_79' title='bbox 439 1282 618 1343; x_wconf 87' lang='lat' dir='ltr'>amicornm.</span> <span class='ocrx_word' id='word_1_80' title='bbox 667 1280 735 1357; x_wconf 88' lang='lat' dir='ltr'>Ille,</span> <span class='ocrx_word' id='word_1_81' title='bbox 765 1295 913 1363; x_wconf 87' lang='lat' dir='ltr'>quattuor</span> <span class='ocrx_word' id='word_1_82' title='bbox 943 1286 1065 1346; x_wconf 83' lang='lat' dir='ltr'>milibus</span> <span class='ocrx_word' id='word_1_83' title='bbox 1077 1292 1114 1352; x_wconf 87' lang='lat'>10</span> 
     </span>
     <span class='ocr_line' id='line_1_12' title="bbox 110 1379 1067 1456; baseline 0 -14"><span class='ocrx_word' id='word_1_84' title='bbox 110 1381 245 1442; x_wconf 76' lang='lat' dir='ltr'>ferarum</span> <span class='ocrx_word' id='word_1_85' title='bbox 268 1381 406 1456; x_wconf 65' lang='lat' dir='ltr'>deiectu,</span> <span class='ocrx_word' id='word_1_86' title='bbox 429 1380 461 1440; x_wconf 93' lang='lat' dir='ltr'>in</span> <span class='ocrx_word' id='word_1_87' title='bbox 483 1379 595 1440; x_wconf 91' lang='lat' dir='ltr'>eodem</span> <span class='ocrx_word' id='word_1_88' title='bbox 623 1380 705 1440; x_wconf 83' lang='lat' dir='ltr'>saltu</span> <span class='ocrx_word' id='word_1_89' title='bbox 734 1401 805 1442; x_wconf 91' lang='lat' dir='ltr'>cum</span> <span class='ocrx_word' id='word_1_90' title='bbox 833 1393 901 1443; x_wconf 88' lang='lat' dir='ltr'>toto</span> <span class='ocrx_word' id='word_1_91' title='bbox 929 1382 1067 1442; x_wconf 84' lang='lat' dir='ltr'>exercitu</span> 
     </span>
     <span class='ocr_line' id='line_1_13' title="bbox 112 1479 324 1558; baseline 0 -20"><span class='ocrx_word' id='word_1_92' title='bbox 112 1479 254 1558; x_wconf 79' lang='lat' dir='ltr'>epulatus</span> <span class='ocrx_word' id='word_1_93' title='bbox 269 1489 324 1538; x_wconf 85' lang='lat' dir='ltr'>eet.</span> 
     </span>
    </p>

    <p class='ocr_par' dir='ltr' id='par_1_4' title="bbox 112 1574 1115 2437">
     <span class='ocr_line' id='line_1_14' title="bbox 152 1574 1067 1658; baseline 0.001 -21"><span class='ocrx_word' id='word_1_94' title='bbox 152 1575 213 1637; x_wconf 93' lang='grc' dir='ltr'><strong>ΙΙΙ.</strong></span> <span class='ocrx_word' id='word_1_95' title='bbox 233 1574 510 1637; x_wconf 87' lang='lat' dir='ltr'>IndeMaracanda</span> <span class='ocrx_word' id='word_1_96' title='bbox 520 1575 656 1636; x_wconf 87' lang='lat' dir='ltr'>reditum</span> <span class='ocrx_word' id='word_1_97' title='bbox 668 1587 732 1637; x_wconf 88' lang='lat' dir='ltr'>est:</span> <span class='ocrx_word' id='word_1_98' title='bbox 754 1588 940 1658; x_wconf 81' lang='lat' dir='ltr'>acceptaque</span> <span class='ocrx_word' id='word_1_99' title='bbox 955 1578 1067 1639; x_wconf 81' lang='lat' dir='ltr'>aetatis</span> 
     </span>
     <span class='ocr_line' id='line_1_15' title="bbox 112 1673 1066 1754; baseline 0.003 -21"><span class='ocrx_word' id='word_1_100' title='bbox 112 1673 310 1734; x_wconf 84' lang='lat' dir='ltr'>excusatione</span> <span class='ocrx_word' id='word_1_101' title='bbox 344 1673 384 1733; x_wconf 91' lang='lat' dir='ltr'>ab</span> <span class='ocrx_word' id='word_1_102' title='bbox 418 1674 576 1734; x_wconf 76' lang='lat' dir='ltr'>Artabazo</span> <span class='ocrx_word' id='word_1_103' title='bbox 610 1675 802 1754; x_wconf 87' lang='lat' dir='ltr'>provinciam</span> <span class='ocrx_word' id='word_1_104' title='bbox 837 1676 902 1736; x_wconf 85' lang='lat' dir='ltr'>eins</span> <span class='ocrx_word' id='word_1_105' title='bbox 931 1676 1066 1736; x_wconf 81' lang='lat' dir='ltr'>destinat</span> 
     </span>
     <span class='ocr_line' id='line_1_16' title="bbox 113 1771 1114 1852; baseline -0.001 -20"><span class='ocrx_word' id='word_1_106' title='bbox 113 1771 205 1832; x_wconf 83' lang='lat' dir='ltr'>Clito.</span> <span class='ocrx_word' id='word_1_107' title='bbox 259 1771 322 1831; x_wconf 92' lang='lat' dir='ltr'>Hic</span> <span class='ocrx_word' id='word_1_108' title='bbox 345 1781 420 1844; x_wconf 82' lang='lat' dir='ltr'>erat,</span> <span class='ocrx_word' id='word_1_109' title='bbox 446 1771 498 1850; x_wconf 90' lang='lat' dir='ltr'>qni</span> <span class='ocrx_word' id='word_1_110' title='bbox 523 1773 604 1852; x_wconf 89' lang='lat' dir='ltr'>apud</span> <span class='ocrx_word' id='word_1_111' title='bbox 634 1774 801 1834; x_wconf 75' lang='lat' dir='ltr'>Granicum</span> <span class='ocrx_word' id='word_1_112' title='bbox 830 1794 952 1833; x_wconf 89' lang='lat' dir='ltr'>amnem</span> <span class='ocrx_word' id='word_1_113' title='bbox 982 1773 1066 1832; x_wconf 91' lang='lat' dir='ltr'>nudo</span> <span class='ocrx_word' id='word_1_114' title='bbox 1079 1787 1114 1846; x_wconf 84' lang='lat'>15</span> 
     </span>
     <span class='ocr_line' id='line_1_17' title="bbox 113 1868 1067 1950; baseline 0.003 -23"><span class='ocrx_word' id='word_1_115' title='bbox 113 1868 214 1947; x_wconf 89' lang='lat' dir='ltr'>capite</span> <span class='ocrx_word' id='word_1_116' title='bbox 236 1888 340 1948; x_wconf 84' lang='lat' dir='ltr'>regem</span> <span class='ocrx_word' id='word_1_117' title='bbox 362 1868 564 1929; x_wconf 78' lang='lat' dir='ltr'>dimicantem</span> <span class='ocrx_word' id='word_1_118' title='bbox 585 1869 685 1950; x_wconf 90' lang='lat' dir='ltr'>clipeo</span> <span class='ocrx_word' id='word_1_119' title='bbox 700 1891 755 1931; x_wconf 85' lang='lat' dir='ltr'>suo</span> <span class='ocrx_word' id='word_1_120' title='bbox 771 1871 858 1943; x_wconf 88' lang='lat' dir='ltr'>texit,</span> <span class='ocrx_word' id='word_1_121' title='bbox 870 1884 902 1931; x_wconf 91' lang='lat' dir='ltr'>et</span> <span class='ocrx_word' id='word_1_122' title='bbox 919 1871 1067 1930; x_wconf 79' lang='lat' dir='ltr'>Rhosacis</span> 
     </span>
     <span class='ocr_line' id='line_1_18' title="bbox 113 1967 1066 2047; baseline 0.002 -20"><span class='ocrx_word' id='word_1_123' title='bbox 113 1986 240 2027; x_wconf 73' lang='lat' dir='ltr'>manaim</span> <span class='ocrx_word' id='word_1_124' title='bbox 264 1967 358 2046; x_wconf 86' lang='lat' dir='ltr'>capiti</span> <span class='ocrx_word' id='word_1_125' title='bbox 388 1967 469 2047; x_wconf 82' lang='lat' dir='ltr'>regie</span> <span class='ocrx_word' id='word_1_126' title='bbox 494 1967 709 2027; x_wconf 83' lang='lat' dir='ltr'>imminentem</span> <span class='ocrx_word' id='word_1_127' title='bbox 734 1969 839 2045; x_wconf 81' lang='lat' dir='ltr'>gladio</span> <span class='ocrx_word' id='word_1_128' title='bbox 871 1970 1066 2047; x_wconf 82' lang='lat' dir='ltr'>amputavit:</span> 
     </span>
     <span class='ocr_line' id='line_1_19' title="bbox 113 2062 1067 2144; baseline 0.004 -21"><span class='ocrx_word' id='word_1_129' title='bbox 113 2073 204 2123; x_wconf 83' lang='lat' dir='ltr'>vetus</span> <span class='ocrx_word' id='word_1_130' title='bbox 217 2062 353 2142; x_wconf 87' lang='lat' dir='ltr'>Philippi</span> <span class='ocrx_word' id='word_1_131' title='bbox 370 2064 457 2123; x_wconf 82' lang='lat' dir='ltr'>miles</span> <span class='ocrx_word' id='word_1_132' title='bbox 479 2064 645 2143; x_wconf 84' lang='lat' dir='ltr'>multisque</span> <span class='ocrx_word' id='word_1_133' title='bbox 666 2065 783 2125; x_wconf 82' lang='lat' dir='ltr'>bellicis</span> <span class='ocrx_word' id='word_1_134' title='bbox 798 2066 942 2144; x_wconf 78' lang='lat' dir='ltr'>operibns</span> <span class='ocrx_word' id='word_1_135' title='bbox 958 2066 1067 2127; x_wconf 79' lang='lat' dir='ltr'>clarus.</span> 
     </span>
     <span class='ocr_line' id='line_1_20' title="bbox 114 2160 1065 2241; baseline 0 -20"><span class='ocrx_word' id='word_1_136' title='bbox 114 2160 285 2235; x_wconf 88' lang='lat' dir='ltr'>Hellanice,</span> <span class='ocrx_word' id='word_1_137' title='bbox 309 2181 386 2241; x_wconf 88' lang='lat' dir='ltr'>quae</span> <span class='ocrx_word' id='word_1_138' title='bbox 414 2161 629 2221; x_wconf 84' lang='lat' dir='ltr'>Alexandrum</span> <span class='ocrx_word' id='word_1_139' title='bbox 655 2163 850 2236; x_wconf 80' lang='lat' dir='ltr'>educaverat,</span> <span class='ocrx_word' id='word_1_140' title='bbox 878 2183 964 2223; x_wconf 85' lang='lat' dir='ltr'>soror</span> <span class='ocrx_word' id='word_1_141' title='bbox 992 2163 1065 2235; x_wconf 80' lang='lat' dir='ltr'>eius,</span> 
     </span>
     <span class='ocr_line' id='line_1_21' title="bbox 113 2258 1115 2339; baseline -0.002 -20"><span class='ocrx_word' id='word_1_142' title='bbox 113 2258 196 2319; x_wconf 86' lang='lat' dir='ltr'>band</span> <span class='ocrx_word' id='word_1_143' title='bbox 218 2277 306 2318; x_wconf 81' lang='lat' dir='ltr'>necue</span> <span class='ocrx_word' id='word_1_144' title='bbox 330 2278 424 2337; x_wconf 88' lang='lat' dir='ltr'>quam</span> <span class='ocrx_word' id='word_1_145' title='bbox 449 2269 587 2318; x_wconf 87' lang='lat' dir='ltr'>matera</span> <span class='ocrx_word' id='word_1_146' title='bbox 608 2280 681 2339; x_wconf 85' lang='lat' dir='ltr'>rege</span> <span class='ocrx_word' id='word_1_147' title='bbox 706 2260 899 2337; x_wconf 87' lang='lat' dir='ltr'>diligebatur.</span> <span class='ocrx_word' id='word_1_148' title='bbox 941 2260 991 2319; x_wconf 92' lang='lat' dir='ltr'>Ob</span> <span class='ocrx_word' id='word_1_149' title='bbox 1011 2260 1115 2329; x_wconf 75' lang='lat' dir='ltr'>has⁴20</span> 
     </span>
     <span class='ocr_line' id='line_1_22' title="bbox 113 2355 1067 2437; baseline -0.002 -19"><span class='ocrx_word' id='word_1_150' title='bbox 113 2376 222 2418; x_wconf 84' lang='lat' dir='ltr'>causae</span> <span class='ocrx_word' id='word_1_151' title='bbox 242 2355 465 2415; x_wconf 84' lang='lat' dir='ltr'>validissimam</span> <span class='ocrx_word' id='word_1_152' title='bbox 487 2355 597 2435; x_wconf 91' lang='lat' dir='ltr'>inperii</span> <span class='ocrx_word' id='word_1_153' title='bbox 618 2366 740 2437; x_wconf 88' lang='lat' dir='ltr'>partem</span> <span class='ocrx_word' id='word_1_154' title='bbox 760 2356 834 2415; x_wconf 84' lang='lat' dir='ltr'>fidei</span> <span class='ocrx_word' id='word_1_155' title='bbox 855 2358 920 2415; x_wconf 84' lang='lat' dir='ltr'>eius</span> <span class='ocrx_word' id='word_1_156' title='bbox 940 2358 1067 2417; x_wconf 84' lang='lat' dir='ltr'>tutelae-</span> 
     </span>
    </p>
   </div>
   <div class='ocr_carea' id='block_1_3' title="bbox 112 2514 1069 3543">
    <p class='ocr_par' dir='ltr' id='par_1_5' title="bbox 112 2514 1069 3255">
     <span class='ocr_line' id='line_1_23' title="bbox 142 2514 1067 2575; baseline -0.001 -14"><span class='ocrx_word' id='word_1_157' title='bbox 142 2518 165 2562; x_wconf 83' lang='lat'>4.</span> <span class='ocrx_word' id='word_1_158' title='bbox 181 2515 310 2575; x_wconf 77' lang='lat' dir='ltr'>Fabulam]</span> <span class='ocrx_word' id='word_1_159' title='bbox 341 2515 394 2561; x_wconf 87' lang='lat' dir='ltr'>The</span> <span class='ocrx_word' id='word_1_160' title='bbox 405 2518 473 2572; x_wconf 83' lang='lat' dir='ltr'>story</span> <span class='ocrx_word' id='word_1_161' title='bbox 483 2515 512 2571; x_wconf 85' lang='lat' dir='ltr'>le,</span> <span class='ocrx_word' id='word_1_162' title='bbox 524 2517 577 2561; x_wconf 82' lang='lat' dir='ltr'>that</span> <span class='ocrx_word' id='word_1_163' title='bbox 606 2516 769 2561; x_wconf 82' lang='lat' dir='ltr'>Macedonian</span> <span class='ocrx_word' id='word_1_164' title='bbox 786 2520 882 2560; x_wconf 80' lang='lat' dir='ltr'>cuntem</span> <span class='ocrx_word' id='word_1_165' title='bbox 903 2520 930 2559; x_wconf 86' lang='lat' dir='ltr'>to</span> <span class='ocrx_word' id='word_1_166' title='bbox 949 2514 1067 2559; x_wconf 81' lang='lat' dir='ltr'>establieh</span> 
     </span>
     <span class='ocr_line' id='line_1_24' title="bbox 112 2582 1067 2644; baseline -0.004 -12"><span class='ocrx_word' id='word_1_167' title='bbox 112 2586 286 2644; x_wconf 79' lang='lat' dir='ltr'>Lyslmaehue‚</span> <span class='ocrx_word' id='word_1_168' title='bbox 305 2587 396 2641; x_wconf 83' lang='lat' dir='ltr'>haring</span> <span class='ocrx_word' id='word_1_169' title='bbox 421 2585 499 2631; x_wconf 85' lang='lat' dir='ltr'>saved</span> <span class='ocrx_word' id='word_1_170' title='bbox 521 2586 576 2631; x_wconf 84' lang='lat' dir='ltr'>Cal·</span> <span class='ocrx_word' id='word_1_171' title='bbox 605 2586 666 2630; x_wconf 86' lang='lat' dir='ltr'>lawe</span> <span class='ocrx_word' id='word_1_172' title='bbox 678 2585 710 2641; x_wconf 85' lang='lat' dir='ltr'>by</span> <span class='ocrx_word' id='word_1_173' title='bbox 721 2583 801 2629; x_wconf 86' lang='lat' dir='ltr'>which</span> <span class='ocrx_word' id='word_1_174' title='bbox 818 2584 890 2640; x_wconf 82' lang='lat' dir='ltr'>kinge</span> <span class='ocrx_word' id='word_1_175' title='bbox 901 2594 964 2627; x_wconf 89' lang='lat' dir='ltr'>were</span> <span class='ocrx_word' id='word_1_176' title='bbox 974 2582 1067 2629; x_wconf 89' lang='lat' dir='ltr'>bound.</span> 
     </span>
     <span class='ocr_line' id='line_1_25' title="bbox 113 2652 917 2712; baseline -0.005 -11"><span class='ocrx_word' id='word_1_177' title='bbox 113 2656 231 2703; x_wconf 78' lang='lat' dir='ltr'>tisthenes</span> <span class='ocrx_word' id='word_1_178' title='bbox 250 2656 315 2701; x_wconf 86' lang='lat' dir='ltr'>from</span> <span class='ocrx_word' id='word_1_179' title='bbox 332 2659 426 2700; x_wconf 85' lang='lat' dir='ltr'>tortore</span> <span class='ocrx_word' id='word_1_180' title='bbox 442 2657 475 2711; x_wconf 80' lang='lat' dir='ltr'>by</span> <span class='ocrx_word' id='word_1_181' title='bbox 490 2655 577 2712; x_wconf 76' lang='lat' dir='ltr'>giving</span> <span class='ocrx_word' id='word_1_182' title='bbox 635 2654 656 2699; x_wconf 87' lang='lat'>9.</span> <span class='ocrx_word' id='word_1_183' title='bbox 669 2652 751 2712; x_wconf 77' lang='lat' dir='ltr'>peden]</span> <span class='ocrx_word' id='word_1_184' title='bbox 784 2653 836 2698; x_wconf 84' lang='lat' dir='ltr'>‘On</span> <span class='ocrx_word' id='word_1_185' title='bbox 848 2652 917 2697; x_wconf 78' lang='lat' dir='ltr'>loct&#39;</span> 
     </span>
     <span class='ocr_line' id='line_1_26' title="bbox 112 2719 1067 2781; baseline -0.004 -12"><span class='ocrx_word' id='word_1_186' title='bbox 112 2725 164 2769; x_wconf 90' lang='lat' dir='ltr'>him</span> <span class='ocrx_word' id='word_1_187' title='bbox 177 2726 332 2781; x_wconf 73' lang='lat' dir='ltr'>poieomwae</span> <span class='ocrx_word' id='word_1_188' title='bbox 347 2723 407 2768; x_wconf 82' lang='lat' dir='ltr'>shut</span> <span class='ocrx_word' id='word_1_189' title='bbox 422 2721 576 2779; x_wconf 85' lang='lat' dir='ltr'>apinadeu</span> <span class='ocrx_word' id='word_1_190' title='bbox 635 2722 670 2767; x_wconf 84' lang='lat'>13.</span> <span class='ocrx_word' id='word_1_191' title='bbox 685 2721 789 2766; x_wconf 78' lang='lat' dir='ltr'>reditum</span> <span class='ocrx_word' id='word_1_192' title='bbox 800 2720 844 2779; x_wconf 78' lang='lat' dir='ltr'>eat]</span> <span class='ocrx_word' id='word_1_193' title='bbox 871 2721 945 2766; x_wconf 86' lang='lat' dir='ltr'>From</span> <span class='ocrx_word' id='word_1_194' title='bbox 954 2719 1067 2765; x_wconf 83' lang='lat' dir='ltr'>Bazaira.</span> 
     </span>
     <span class='ocr_line' id='line_1_27' title="bbox 113 2789 1068 2849; baseline -0.003 -11"><span class='ocrx_word' id='word_1_195' title='bbox 113 2791 575 2849; x_wconf 81' lang='lat' dir='ltr'>withalionbyAlexaudcr’eorder3</span> <span class='ocrx_word' id='word_1_196' title='bbox 636 2793 671 2837; x_wconf 85' lang='lat'>15.</span> <span class='ocrx_word' id='word_1_197' title='bbox 686 2790 750 2835; x_wconf 74' lang='lat' dir='ltr'>arado</span> <span class='ocrx_word' id='word_1_198' title='bbox 769 2789 856 2849; x_wconf 76' lang='lat' dir='ltr'>eapite]</span> <span class='ocrx_word' id='word_1_199' title='bbox 904 2790 949 2835; x_wconf 81' lang='lat' dir='ltr'>llis</span> <span class='ocrx_word' id='word_1_200' title='bbox 975 2789 1068 2837; x_wconf 88' lang='lat' dir='ltr'>helmet</span> 
     </span>
     <span class='ocr_line' id='line_1_28' title="bbox 112 2858 1066 2916; baseline -0.003 -9"><span class='ocrx_word' id='word_1_201' title='bbox 112 2864 155 2908; x_wconf 88' lang='lat' dir='ltr'>the</span> <span class='ocrx_word' id='word_1_202' title='bbox 176 2863 294 2907; x_wconf 82' lang='lat' dir='ltr'>intended</span> <span class='ocrx_word' id='word_1_203' title='bbox 317 2863 401 2906; x_wconf 81' lang='lat' dir='ltr'>vietlm</span> <span class='ocrx_word' id='word_1_204' title='bbox 428 2861 511 2906; x_wconf 81' lang='lat' dir='ltr'>folded</span> <span class='ocrx_word' id='word_1_205' title='bbox 537 2861 576 2905; x_wconf 83' lang='lat' dir='ltr'>hie</span> <span class='ocrx_word' id='word_1_206' title='bbox 605 2860 655 2906; x_wconf 86' lang='lat' dir='ltr'>had</span> <span class='ocrx_word' id='word_1_207' title='bbox 670 2860 732 2904; x_wconf 87' lang='lat' dir='ltr'>been</span> <span class='ocrx_word' id='word_1_208' title='bbox 749 2858 875 2904; x_wconf 84' lang='lat' dir='ltr'>sbnttercd</span> <span class='ocrx_word' id='word_1_209' title='bbox 891 2858 1066 2916; x_wconf 74' lang='lat' dir='ltr'>byablouof</span> 
     </span>
     <span class='ocr_line' id='line_1_29' title="bbox 114 2927 858 2984; baseline -0.004 -8"><span class='ocrx_word' id='word_1_210' title='bbox 114 2933 180 2977; x_wconf 86' lang='lat' dir='ltr'>band</span> <span class='ocrx_word' id='word_1_211' title='bbox 191 2934 215 2977; x_wconf 89' lang='lat' dir='ltr'>in</span> <span class='ocrx_word' id='word_1_212' title='bbox 228 2934 264 2977; x_wconf 81' lang='lat' dir='ltr'>bis</span> <span class='ocrx_word' id='word_1_213' title='bbox 272 2932 339 2984; x_wconf 83' lang='lat' dir='ltr'>robe,</span> <span class='ocrx_word' id='word_1_214' title='bbox 350 2932 432 2975; x_wconf 78' lang='lat' dir='ltr'>tlrrust</span> <span class='ocrx_word' id='word_1_215' title='bbox 442 2931 461 2975; x_wconf 81' lang='lat' dir='ltr'>u</span> <span class='ocrx_word' id='word_1_216' title='bbox 472 2930 524 2975; x_wconf 85' lang='lat' dir='ltr'>into</span> <span class='ocrx_word' id='word_1_217' title='bbox 534 2931 576 2975; x_wconf 86' lang='lat' dir='ltr'>the</span> <span class='ocrx_word' id='word_1_218' title='bbox 605 2943 637 2975; x_wconf 85' lang='lat' dir='ltr'>an</span> <span class='ocrx_word' id='word_1_219' title='bbox 648 2927 757 2984; x_wconf 81' lang='lat' dir='ltr'>cncmy&#39;a</span> <span class='ocrx_word' id='word_1_220' title='bbox 768 2928 858 2975; x_wconf 88' lang='lat' dir='ltr'>swerd.</span> 
     </span>
     <span class='ocr_line' id='line_1_30' title="bbox 115 2996 1068 3056; baseline -0.004 -12"><span class='ocrx_word' id='word_1_221' title='bbox 115 3002 184 3047; x_wconf 85' lang='lat' dir='ltr'>bon’s</span> <span class='ocrx_word' id='word_1_222' title='bbox 195 3002 290 3053; x_wconf 81' lang='lat' dir='ltr'>mouth,</span> <span class='ocrx_word' id='word_1_223' title='bbox 301 3002 350 3045; x_wconf 86' lang='lat' dir='ltr'>and</span> <span class='ocrx_word' id='word_1_224' title='bbox 365 3000 472 3056; x_wconf 84' lang='lat' dir='ltr'>plncked</span> <span class='ocrx_word' id='word_1_225' title='bbox 483 3005 527 3044; x_wconf 89' lang='lat' dir='ltr'>out</span> <span class='ocrx_word' id='word_1_226' title='bbox 537 2999 576 3043; x_wconf 82' lang='lat' dir='ltr'>his</span> <span class='ocrx_word' id='word_1_227' title='bbox 636 3000 670 3044; x_wconf 79' lang='lat'>16.</span> <span class='ocrx_word' id='word_1_228' title='bbox 689 2996 815 3055; x_wconf 71' lang='lat' dir='ltr'>thoaacie]</span> <span class='ocrx_word' id='word_1_229' title='bbox 845 2996 898 3041; x_wconf 89' lang='lat' dir='ltr'>One</span> <span class='ocrx_word' id='word_1_230' title='bbox 913 2996 942 3042; x_wconf 87' lang='lat' dir='ltr'>of</span> <span class='ocrx_word' id='word_1_231' title='bbox 954 2996 1068 3043; x_wconf 84' lang='lat' dir='ltr'>Darins&#39;e</span> 
     </span>
     <span class='ocr_line' id='line_1_31' title="bbox 113 3066 1069 3129; baseline -0.001 -15"><span class='ocrx_word' id='word_1_232' title='bbox 113 3075 213 3123; x_wconf 68' lang='lat' dir='ltr'>tonauc.</span> <span class='ocrx_word' id='word_1_233' title='bbox 252 3070 333 3115; x_wconf 88' lang='lat' dir='ltr'>When</span> <span class='ocrx_word' id='word_1_234' title='bbox 355 3069 500 3113; x_wconf 76' lang='lat' dir='ltr'>Alexander</span> <span class='ocrx_word' id='word_1_235' title='bbox 525 3078 576 3113; x_wconf 75' lang='lat' dir='ltr'>wau</span> <span class='ocrx_word' id='word_1_236' title='bbox 604 3067 725 3125; x_wconf 81' lang='lat' dir='ltr'>generals,</span> <span class='ocrx_word' id='word_1_237' title='bbox 736 3069 818 3112; x_wconf 85' lang='lat' dir='ltr'>whom</span> <span class='ocrx_word' id='word_1_238' title='bbox 830 3066 972 3129; x_wconf 77' lang='lat' dir='ltr'>Alexander</span> <span class='ocrx_word' id='word_1_239' title='bbox 984 3068 1004 3110; x_wconf 88' lang='lat' dir='ltr'>is</span> <span class='ocrx_word' id='word_1_240' title='bbox 1015 3067 1069 3113; x_wconf 81' lang='lat' dir='ltr'>said</span> 
     </span>
     <span class='ocr_line' id='line_1_32' title="bbox 113 3134 1069 3197; baseline -0.006 -13"><span class='ocrx_word' id='word_1_241' title='bbox 113 3140 236 3185; x_wconf 79' lang='lat' dir='ltr'>indnmed</span> <span class='ocrx_word' id='word_1_242' title='bbox 246 3141 274 3185; x_wconf 82' lang='lat' dir='ltr'>oi</span> <span class='ocrx_word' id='word_1_243' title='bbox 290 3140 332 3183; x_wconf 87' lang='lat' dir='ltr'>the</span> <span class='ocrx_word' id='word_1_244' title='bbox 347 3138 452 3197; x_wconf 73' lang='lat' dir='ltr'>explain,</span> <span class='ocrx_word' id='word_1_245' title='bbox 465 3137 502 3182; x_wconf 87' lang='lat' dir='ltr'>lds</span> <span class='ocrx_word' id='word_1_246' title='bbox 517 3150 575 3194; x_wconf 83' lang='lat' dir='ltr'>ruge</span> <span class='ocrx_word' id='word_1_247' title='bbox 605 3141 631 3181; x_wconf 88' lang='lat' dir='ltr'>to</span> <span class='ocrx_word' id='word_1_248' title='bbox 647 3136 710 3181; x_wconf 86' lang='lat' dir='ltr'>have</span> <span class='ocrx_word' id='word_1_249' title='bbox 727 3134 788 3180; x_wconf 83' lang='lat' dir='ltr'>elain</span> <span class='ocrx_word' id='word_1_250' title='bbox 800 3134 859 3179; x_wconf 86' lang='lat' dir='ltr'>with</span> <span class='ocrx_word' id='word_1_251' title='bbox 875 3135 912 3179; x_wconf 85' lang='lat' dir='ltr'>his</span> <span class='ocrx_word' id='word_1_252' title='bbox 928 3146 984 3179; x_wconf 83' lang='lat' dir='ltr'>own</span> <span class='ocrx_word' id='word_1_253' title='bbox 999 3134 1069 3179; x_wconf 90' lang='lat' dir='ltr'>hand</span> 
     </span>
     <span class='ocr_line' id='line_1_33' title="bbox 113 3203 828 3255; baseline -0.013 -1"><span class='ocrx_word' id='word_1_254' title='bbox 113 3222 166 3255; x_wconf 79' lang='lat' dir='ltr'>nae</span> <span class='ocrx_word' id='word_1_255' title='bbox 187 3209 277 3254; x_wconf 83' lang='lat' dir='ltr'>turned</span> <span class='ocrx_word' id='word_1_256' title='bbox 303 3210 355 3253; x_wconf 86' lang='lat' dir='ltr'>into</span> <span class='ocrx_word' id='word_1_257' title='bbox 380 3208 529 3253; x_wconf 85' lang='lat' dir='ltr'>admiration</span> <span class='ocrx_word' id='word_1_258' title='bbox 549 3207 578 3252; x_wconf 84' lang='lat' dir='ltr'>ol</span> <span class='ocrx_word' id='word_1_259' title='bbox 606 3205 684 3249; x_wconf 85' lang='lat' dir='ltr'>atthe</span> <span class='ocrx_word' id='word_1_260' title='bbox 696 3203 828 3248; x_wconf 84' lang='lat' dir='ltr'>Granicus.</span> 
     </span>
    </p>

    <p class='ocr_par' dir='ltr' id='par_1_6' title="bbox 113 3270 1068 3335">
     <span class='ocr_line' id='line_1_34' title="bbox 113 3270 1068 3335; baseline -0.008 -12"><span class='ocrx_word' id='word_1_261' title='bbox 113 3277 296 3335; x_wconf 76' lang='lat' dir='ltr'>Lysimaenns’s</span> <span class='ocrx_word' id='word_1_262' title='bbox 307 3276 459 3332; x_wconf 78' lang='lat' dir='ltr'>intrepidity.</span> <span class='ocrx_word' id='word_1_263' title='bbox 634 3273 670 3317; x_wconf 87' lang='lat'>21.</span> <span class='ocrx_word' id='word_1_264' title='bbox 686 3272 865 3317; x_wconf 73' lang='lat' dir='ltr'>validissimam</span> <span class='ocrx_word' id='word_1_265' title='bbox 870 3293 900 3303; x_wconf 96' lang='lat'>-</span> <span class='ocrx_word' id='word_1_266' title='bbox 905 3270 1012 3329; x_wconf 74' lang='lat' dir='ltr'>partem]</span> <span class='ocrx_word' id='word_1_267' title='bbox 1021 3270 1037 3314; x_wconf 88' lang='lat' dir='ltr'>i.</span> <span class='ocrx_word' id='word_1_268' title='bbox 1046 3281 1068 3315; x_wconf 87' lang='lat' dir='ltr'>e.</span> 
     </span>
    </p>

    <p class='ocr_par' dir='ltr' id='par_1_7' title="bbox 113 3336 1068 3543">
     <span class='ocr_line' id='line_1_35' title="bbox 141 3336 1068 3408; baseline -0.011 -17"><span class='ocrx_word' id='word_1_269' title='bbox 141 3344 308 3408; x_wconf 62' lang='lat' dir='ltr'>&amp;destructae</span> <span class='ocrx_word' id='word_1_270' title='bbox 317 3344 380 3404; x_wconf 82' lang='lat' dir='ltr'>erat]</span> <span class='ocrx_word' id='word_1_271' title='bbox 412 3343 577 3389; x_wconf 83' lang='lat' dir='ltr'>‘Hadsccur-</span> <span class='ocrx_word' id='word_1_272' title='bbox 605 3342 735 3387; x_wconf 73' lang='lat' dir='ltr'>Bactriana</span> <span class='ocrx_word' id='word_1_273' title='bbox 755 3340 804 3385; x_wconf 88' lang='lat' dir='ltr'>and</span> <span class='ocrx_word' id='word_1_274' title='bbox 824 3339 957 3395; x_wconf 69' lang='lat' dir='ltr'>Sogdiana,</span> <span class='ocrx_word' id='word_1_275' title='bbox 976 3337 1017 3383; x_wconf 84' lang='lat' dir='ltr'>ihe</span> <span class='ocrx_word' id='word_1_276' title='bbox 1033 3336 1068 3381; x_wconf 92' lang='lat' dir='ltr'>iu·</span> 
     </span>
     <span class='ocr_line' id='line_1_36' title="bbox 113 3404 1068 3473; baseline -0.013 -10"><span class='ocrx_word' id='word_1_277' title='bbox 113 3413 299 3473; x_wconf 75' lang='lat' dir='ltr'>ed.&#39;-³oieere]</span> <span class='ocrx_word' id='word_1_278' title='bbox 331 3414 407 3459; x_wconf 85' lang='lat' dir='ltr'>From</span> <span class='ocrx_word' id='word_1_279' title='bbox 420 3412 503 3466; x_wconf 76' lang='lat' dir='ltr'>aciaco,</span> <span class='ocrx_word' id='word_1_280' title='bbox 519 3413 577 3457; x_wconf 84' lang='lat' dir='ltr'>‘de-</span> <span class='ocrx_word' id='word_1_281' title='bbox 606 3409 732 3453; x_wconf 78' lang='lat' dir='ltr'>habitante</span> <span class='ocrx_word' id='word_1_282' title='bbox 742 3408 771 3453; x_wconf 82' lang='lat' dir='ltr'>of</span> <span class='ocrx_word' id='word_1_283' title='bbox 784 3407 863 3451; x_wconf 81' lang='lat' dir='ltr'>which</span> <span class='ocrx_word' id='word_1_284' title='bbox 880 3406 929 3451; x_wconf 89' lang='lat' dir='ltr'>had</span> <span class='ocrx_word' id='word_1_285' title='bbox 944 3404 1013 3451; x_wconf 82' lang='lat' dir='ltr'>often</span> <span class='ocrx_word' id='word_1_286' title='bbox 1031 3416 1068 3451; x_wconf 86' lang='lat' dir='ltr'>re·</span> 
     </span>
     <span class='ocr_line' id='line_1_37' title="bbox 114 3474 954 3543; baseline -0.015 -11"><span class='ocrx_word' id='word_1_287' title='bbox 114 3476 442 3543; x_wconf 69' lang='lat' dir='ltr'>ereed.’-aentie-²more]</span> <span class='ocrx_word' id='word_1_288' title='bbox 469 3481 578 3527; x_wconf 86' lang='lat' dir='ltr'>Itwasa</span> <span class='ocrx_word' id='word_1_289' title='bbox 607 3478 688 3527; x_wconf 84' lang='lat' dir='ltr'>belled</span> <span class='ocrx_word' id='word_1_290' title='bbox 697 3477 793 3541; x_wconf 70' lang='lat' dir='ltr'>against</span> <span class='ocrx_word' id='word_1_291' title='bbox 802 3474 954 3526; x_wconf 74' lang='lat' dir='ltr'>Alexander.</span> 
     </span>
    </p>
   </div>
   <div class='ocr_carea' id='block_1_4' title="bbox 0 0 1260 3900">
    <p class='ocr_par' dir='ltr' id='par_1_8' title="bbox 0 0 1260 3900">
     <span class='ocr_line' id='line_1_38' title="bbox 0 0 1260 3900; baseline 0 0"><span class='ocrx_word' id='word_1_292' title='bbox 0 0 1260 3900; x_wconf 95' lang='lat' dir='ltr'> </span> 
     </span>
    </p>
   </div>
  </div>
 </body>
</html>
