2492 3900
299 262 517 314 ALEXANDRI
540 261 662 313 MAGNI
684 262 797 312 LIBER
818 262 899 313 vm.
1018 261 1075 322 141

120 438 188 514 bus,
229 438 387 519 iurgantes
423 448 648 519 monentesque
687 439 879 500 conabantur
914 438 1076 500 abducere.

122 536 231 609 Clitus,
254 557 323 596 cum
345 538 583 609 abstmheretur,
598 537 638 595 ad
653 537 814 615 pristinam
831 536 1010 610 violentiam
1030 536 1075 597 ira

120 652 243 712 quoque
265 634 393 707 adiecta,
415 654 472 693 suo
492 645 616 712 pectore
636 644 759 712 tergum
782 633 864 693 illius
888 653 955 693 esse
970 633 1074 693 defen-

120 747 199 801 sum,
214 749 303 803 nunc,
317 742 483 809 postquam
504 729 585 788 tanti
608 729 709 788 meriti
731 729 923 809 praeterierit
942 740 1073 809 tempus,

120 825 216 884 etiam
229 826 409 885 memoriam
423 826 555 885 invisam
575 847 642 885 esse
664 828 842 906 proclamat.
884 827 985 886 Attali
999 847 1073 906 quo·
1102 840 1120 898 5

119 941 180 1000 que
202 922 329 998 caedem
367 922 532 996 obiciebat,
561 934 593 982 et
623 924 661 982 an
687 923 830 983 ultimum
860 922 953 997 Iovis,
979 944 1072 1002 quem

118 1029 239 1096 patrem
267 1019 324 1078 sibi
353 1019 533 1079 Alexander
560 1021 726 1094 adsereret,
755 1021 910 1081 oraculum
934 1020 1071 1093 eludens,

118 1115 239 1174 veriora
253 1136 286 1175 se
300 1116 374 1195 regi,
389 1137 482 1195 quam
496 1128 618 1195 patrem
639 1117 713 1190 eius,
727 1117 923 1196 respondisse
939 1117 1070 1176 dicebat.

159 1211 200 1271 X.
221 1211 288 1271 Iam
302 1223 424 1272 tantum
439 1215 502 1270 irae
516 1221 701 1291 conceperat
715 1233 778 1285 rex,
794 1222 942 1292 quantum
958 1213 1009 1271 vix
1025 1231 1071 1273 so·

118 1308 203 1369 brius
217 1310 295 1368 ferre
306 1310 465 1389 potuisset.
499 1309 669 1369 Enimvero
681 1310 753 1370 olim
767 1329 852 1370 mero
862 1310 1001 1370 sensibus
1012 1310 1072 1370 vio·
1082 1318 1120 1377 10

117 1406 168 1480 tis,
182 1426 221 1466 ex
235 1407 316 1468 lecto
327 1419 455 1487 repente
466 1407 615 1486 prosiluit.
651 1407 790 1467 Attoniti
800 1407 898 1480 amici,
908 1427 946 1467 ue
961 1406 1069 1486 positis

119 1503 252 1582 quidem,
272 1504 328 1564 sed
350 1504 478 1564 abiectis
499 1505 627 1584 poculis,
650 1515 849 1584 consurgunt,
870 1505 902 1563 iu
924 1515 1071 1564 eventum
1122 1496 1124 1500 ’

118 1599 172 1673 rei,
192 1621 285 1680 quam
305 1611 395 1661 tanto
417 1602 536 1680 impetu
557 1613 681 1660 acturas
703 1611 794 1676 esset,
813 1601 935 1662 intenti.
976 1601 1071 1661 Alex-

118 1697 223 1771 ander,
237 1709 325 1777 rapta
338 1698 445 1757 lancea
458 1718 497 1756 ex
512 1697 655 1757 manibus
675 1698 824 1777 omnigeni,
839 1698 955 1758 Clitum
969 1698 1071 1758 adhuc

118 1793 226 1853 eadem
247 1794 370 1873 linguae
384 1793 624 1873 intemperantia
639 1795 792 1853 furentem
807 1804 966 1874 percutere
982 1814 1071 1854 cona·
1081 1807 1118 1867 15

117 1900 177 1964 tus,
192 1909 210 1950 a
224 1890 405 1963 Ptolemaeo
419 1900 453 1951 et
465 1890 615 1951 Perdicca
629 1891 793 1951 inhibetur.
835 1889 975 1952 Medium
1000 1911 1071 1952 con·

117 1987 201 2066 plexi
226 1999 258 2048 et
286 1988 436 2047 obluctari
463 1998 713 2067 perseverantem
739 1989 954 2049 morabantur:
983 1988 1071 2068 Lysi-

118 2083 245 2143 machus
259 2093 292 2142 et
306 2081 485 2142 Leonnatus
500 2082 595 2141 etiam
610 2083 749 2142 lanceam
770 2083 971 2144 abstulerant.
1013 2083 1070 2144 Ille

119 2178 251 2238 militum
279 2179 372 2238 fidem
402 2178 558 2257 inplorans
589 2179 798 2258 conprehendi
826 2200 858 2239 se
880 2199 898 2239 a
922 2180 1070 2259 proximis

118 2274 295 2347 citrinorum,
314 2275 397 2354 quod
412 2274 517 2335 Dareo
539 2294 637 2355 nuper
659 2277 830 2346 accidisset,
846 2277 999 2338 exclamat
1013 2277 1071 2357 sig·
1080 2288 1119 2348 20

117 2390 254 2450 numque
269 2372 345 2431 tuba
358 2371 432 2445 dari,
447 2381 482 2430 ut
496 2371 535 2430 ad
550 2372 667 2451 regiam
682 2373 792 2432 armati
806 2381 934 2446 coirent,
948 2372 1043 2433 iubet.

157 2467 217 2527 ΧΙ.
238 2467 321 2528 Tum
342 2488 415 2527 vero
430 2468 627 2527 Ptolemaeus
643 2480 674 2528 et
689 2468 855 2529 ‘Perdiccas
876 2466 1006 2547 genibus
1021 2470 1071 2528 ad-

117 2564 215 2623 voluti
227 2574 324 2637 orant,
339 2584 378 2623 ne
399 2564 430 2622 in
451 2574 516 2623 tam
536 2565 696 2643 praecipiti
717 2566 762 2624 ira
781 2575 958 2644 perseveret
979 2566 1071 2643 spati·

118 2680 231 2739 urnque
255 2660 359 2739 potius
381 2660 485 2720 animo
508 2660 581 2719 det:
613 2662 719 2719 omnia
742 2672 866 2740 postero
889 2662 939 2719 die
961 2661 1070 2721 iustius

117 2767 342 2817 exsecuturum.
384 2756 448 2817 Sed
461 2750 684 2817 clausae'erant
699 2778 795 2831 aures,
807 2757 1003 2837 obstrepente
1019 2758 1070 2819 ira.
1080 2768 1119 2828 25

146 2915 168 2961 2.
183 2914 334 2975 vicentiam]
372 2916 538 2973 Anticipatlon
553 2916 583 2961 of
637 2917 659 2966 7.
674 2916 781 2976 euram]
813 2916 963 2975 ‘Deriding.’

116 2986 228 3032 violence
238 2986 320 3032 added
330 2986 491 3041 ungertohis
499 2986 579 3043 provi·
638 2986 673 3033 10.
689 2986 757 3046 olim]
790 2985 886 3032 ‘Nora'
916 2988 956 3045 Up
973 2991 1000 3033 to
1020 2989 1070 3035 this

116 3056 190 3111 ously
201 3055 298 3101 excited
310 3054 421 3110 reclines.
604 3056 667 3102 'nme
676 3056 708 3103 he
717 3057 766 3103 had
777 3058 924 3114 suppressed
936 3059 973 3102 liis
983 3058 1069 3106 wrarth.

145 3124 168 3169 3.
184 3122 289 3184 seryum]
328 3124 364 3167 As
385 3123 538 3179 Alexander,
550 3124 577 3169 in
636 3124 672 3169 20.
690 3124 781 3185 Dareo]
812 3125 905 3171 Darius
916 3125 966 3171 lrud
974 3127 1070 3185 shortly

116 3192 196 3249 ssight,
218 3192 328 3250 exposed
349 3192 387 3237 his
408 3193 471 3237 back
491 3197 516 3237 to
536 3193 578 3237 the
607 3194 692 3241 before
717 3195 779 3241 been
799 3194 881 3240 eeized
905 3196 954 3242 and
973 3197 1070 3242 thrown
1096 3207 1097 3210 ’

116 3277 214 3321 enemy.
606 3263 661 3309 into
686 3265 772 3309 chains
792 3265 826 3321 by
847 3264 938 3310 Bessus
963 3266 1013 3311 and
1030 3265 1070 3311 his

145 3333 167 3378 5.
182 3332 272 3393 Attalr]
318 3333 370 3380 The
382 3334 453 3379 uncle
464 3333 494 3378 oi
508 3332 578 3379 Cleo·
607 3332 690 3378 fellow
700 3336 872 3390 conspirators.

115 3406 194 3461 petra,
209 3404 292 3449 whom
303 3403 386 3461 Philip
395 3402 503 3449 married
516 3402 579 3447 after
636 3402 672 3447 25.
688 3402 841 3461 obstrepente]
852 3402 903 3448 The
910 3404 1020 3449 auditore
1029 3416 1070 3449 are

115 3472 155 3517 his
174 3472 275 3517 divorcc
290 3472 354 3517 from
370 3472 506 3528 Olympiae.
538 3470 577 3515 He
607 3472 660 3516 said
676 3472 807 3529 obstrepere
823 3471 922 3523 oratori,
941 3473 1012 3516 when
1036 3472 1070 3527 by

115 3552 166 3585 was
185 3546 231 3597 put
250 3546 277 3585 to
294 3541 368 3587 death
386 3541 420 3595 by
436 3538 579 3583 Alexander
607 3540 714 3583 outcries
734 3541 783 3583 and
803 3540 871 3583 noisc
892 3539 952 3593 they
968 3542 1070 3593 prevent

115 3609 271 3668 forplotting
281 3609 447 3668 apunsthim.
607 3606 738 3669 hisfbcing
759 3606 843 3651 heard.
875 3605 940 3649 Here
961 3604 1069 3648 Alexan-
