2492 3900
163 212 222 275 216
435 211 474 261 Μ.
499 210 626 263 TULLII
649 207 848 262 CICERONIS

162 389 196 449 in
219 386 343 448 morbos
367 387 508 449 incidunt
536 387 770 461 adulescentes3
790 386 916 466 gravius
937 394 1122 466 aegrotant3

163 484 281 544 tristius
290 494 443 544 curantur.
484 484 595 564 Itaque
610 483 702 563 pauci
716 483 846 542 veniunt
856 483 896 541 ad
908 493 1123 558 senectutem3

166 580 249 661 quod
265 580 297 640 ui
310 580 355 640 ita
369 580 531 654 accideret,
542 590 575 640 et
588 580 699 639 melius
713 588 745 638 et
758 578 942 658 prudentius
954 579 1122 662 viveretur.

165 675 256 736 Mens
271 676 353 735 enim
368 687 400 735 et
413 676 493 735 ratio
508 689 540 735 et
554 675 717 736 consilium
737 675 770 734 in
791 674 918 734 senibus
939 686 1005 749 est;
1025 675 1078 755 qui
1093 676 1123 735 si

138 772 244 833 bnulli
267 774 410 848 fuissent,
431 774 534 855 nullae
558 773 686 832 omniuo
709 771 852 831 civitates
875 772 1014 831 fuissent
1055 772 1121 831 Sed

166 870 261 929 redeo
276 870 314 929 ad
330 881 461 929 mortem
476 868 708 948 inpendentem.
743 867 837 940 Quod
852 876 901 927 est
914 867 990 926 illud
1004 867 1122 927 crimen

167 966 341 1040 senectutis,
363 987 434 1025 cum
456 965 487 1025 id
515 965 543 1025 ei
568 965 700 1025 videatis
724 984 796 1024 cum
819 964 1028 1024 adulescentia
1051 984 1119 1023 esse

168 1065 356 1124 commune?
397 1065 445 1123 68.
468 1062 557 1123 Sensi
582 1082 641 1141 ego
666 1061 698 1120 iu
721 1061 840 1140 optimo
860 1061 932 1133 filio,
954 1070 990 1121 tu
1014 1060 1044 1119 in
1070 1081 1125 1120 ex·

168 1160 315 1239 spectatis
331 1160 371 1221 ad
386 1160 606 1239 amplissimam
628 1158 814 1237 dignitatern
834 1158 987 1232 fratribus,
1010 1157 1124 1237 Scipio,

120 1267 158 1327 10
169 1265 301 1317 mortem
315 1256 400 1317 omni
414 1256 510 1317 aetati
525 1274 591 1315 esse
604 1274 810 1315 communem.
851 1254 898 1314 At
919 1264 1022 1334 sperat
1046 1255 1124 1314 adu·

168 1352 296 1427 lescens,
311 1353 365 1412 diu
381 1373 414 1412 se
431 1353 595 1426 victurum,
609 1350 693 1431 quod
715 1370 838 1429 sperare
851 1350 936 1410 idem
949 1372 1045 1411 senex
1059 1372 1124 1412 non

168 1458 282 1530 potest.
323 1448 510 1529 insipienter
531 1457 643 1528 sperat.
685 1446 772 1519 Quid
791 1448 881 1506 enim·
889 1448 1014 1508 stultius
1029 1469 1124 1528 quam

111 1574 119 1595 ι
170 1546 288 1606 incerta
309 1566 365 1625 pro
389 1546 481 1605 certis
503 1546 626 1619 habere,
646 1544 723 1603 falsa
743 1564 800 1624 pro
813 1544 920 1605 veris?
961 1545 1008 1605 At
1029 1566 1125 1607 senex

172 1663 211 1701 ne
228 1642 309 1721 quod
325 1651 428 1721 speret
450 1641 575 1720 quidem
595 1642 700 1700 habet.
741 1641 789 1701 At
802 1650 850 1729 est
864 1662 902 1702 eo
917 1643 1041 1702 meliore
1056 1663 1126 1702 con-

123 1746 161 1807 15
172 1736 290 1795 ditione
307 1756 398 1815 quam
415 1735 604 1809 adulescens,
619 1756 691 1795 cum
711 1736 753 1810 id,
769 1737 852 1816 quod
873 1736 925 1796 ille
943 1748 1055 1816 sperat,
1074 1738 1125 1797 hic

173 1841 357 1891 consecutus
373 1840 430 1891 est.
471 1830 528 1891 Ille
543 1834 612 1892 vult
627 1833 682 1891 diu
694 1833 809 1907 vivere,
822 1832 873 1892 bio
888 1834 942 1892 diu
956 1834 1042 1893 vixit.
1077 1836 1124 1894 69.

175 1928 380 2009 Quamquam,
395 1948 413 1989 ο
429 1928 461 1988 di
477 1928 567 1990 boni!
589 1928 665 2009 quid
686 1939 735 1990 est
756 1929 789 1989 in
810 1930 943 1990 hominis
964 1931 1028 1992 vita
1047 1931 1126 1992 diu?

173 2025 225 2085 Da
239 2025 322 2086 enim
336 2046 514 2105 supremum
528 2036 661 2106 tempus,
675 2041 888 2105 exspectemus
903 2027 1126 2088 Tartessiorum

172 2121 253 2201 regis
274 2131 427 2198 aetatem3
448 2123 508 2185 fuit
532 2123 628 2197 enim,
652 2134 688 2182 ut
711 2122 862 2202 scriptum
885 2123 987 2199 video,
1007 2125 1127 2204 Argan-

124 2226 163 2286 20
174 2219 300 2279 thonius
323 2219 447 2299 quidam
469 2221 618 2294 Gadibus,
633 2219 687 2298 qui
700 2219 861 2298 octoginta
878 2237 1061 2300 regnaverat
1075 2242 1127 2281 an·

173 2335 239 2390 nos,
262 2325 387 2376 centum
411 2317 523 2396 viginti
546 2317 687 2389 vixerat3
709 2315 765 2374 sed
788 2315 864 2375 mihi
887 2337 927 2376 ne
948 2317 1127 2378 diuturnum

174 2413 299 2493 quidem
322 2412 491 2493 quidquam
514 2413 648 2488 videtur,
672 2411 704 2471 iu
728 2433 790 2492 quo
815 2421 863 2474 est
888 2413 1004 2493 aliquid
1029 2426 1128 2474 extre·

202 2573 224 2618 2.
236 2572 549 2633 punici-ndreaectmem]
582 2573 637 2619 Tho
695 2572 718 2618 9.
727 2571 864 2634 fratribus]
895 2573 1003 2619 Histwo
1016 2586 1128 2632 younger

174 2655 277 2700 average
294 2643 323 2688 of
337 2644 433 2689 human
448 2643 492 2689 life
509 2644 554 2688 has
573 2643 638 2689 been
666 2643 787 2698 brothers,
798 2655 845 2688 ono
855 2643 885 2693 of
892 2644 974 2689 whom
986 2645 1044 2691 died
1054 2649 1079 2688 at
1086 2645 1127 2690 tho

174 2713 261 2768 found,
272 2713 306 2769 by
317 2713 445 2758 statistical
460 2713 637 2770 computation,
667 2723 712 2767 age
723 2712 752 2756 of
759 2712 854 2766 twelve,
865 2711 912 2757 five
923 2713 986 2768 days
996 2713 1079 2758 before
1088 2712 1127 2758 his

174 2781 249 2835 tobc,
264 2781 288 2825 in
305 2781 413 2837 Europe,
431 2781 580 2826 somcwhere
596 2782 637 2826 be-
667 2779 768 2826 father’s
778 2781 890 2850 triumph
895 2793 954 2826 over
960 2782 1071 2837 Perseus,
1079 2783 1128 2828 and

175 2853 255 2895 tween
264 2852 355 2906 twenty
367 2851 406 2895 six
416 2849 467 2895 and
477 2850 637 2907 thirty-three
666 2849 708 2894 the
718 2849 790 2895 other
806 2852 832 2893 at
849 2850 892 2895 the
908 2861 953 2907 age
964 2849 993 2895 of
1008 2851 1127 2906 fourteen,

175 2929 255 2976 years.
285 2918 320 2963 Of
332 2931 418 2965 course
435 2931 451 2964 a
469 2919 535 2977 large
547 2920 638 2977 major·
666 2917 736 2962 three
744 2917 807 2974 days
815 2917 878 2962 aher
884 2917 927 2963 the
935 2929 1002 2963 same
1009 2918 1127 2975 triumph.

175 2987 212 3044 ity
229 2987 259 3033 os
273 2989 397 3034 mankind
411 2993 479 3034 must
495 2990 535 3037 die
555 2991 581 3036 iu
600 2991 638 3036 in·
697 2986 732 3031 16·
747 2985 885 3045 Ille-liv]
902 2986 984 3031 When
995 2987 1063 3032 &¹0⁸0
1073 2999 1128 3043 pm·

176 3055 258 3112 fancy.
487 3051 492 3057 ’
667 3067 748 3101 nouns
767 3068 809 3101 are
833 3056 892 3100 thus
917 3057 1064 3112 contrasted,
1089 3055 1128 3103 hic

204 3124 227 3170 5.
242 3124 314 3184 nulli]
346 3125 384 3171 Sc.
396 3141 469 3172 senes.
666 3125 742 3170 refers
752 3132 779 3171 to
791 3127 831 3170 the
842 3127 909 3170 main
925 3126 1020 3182 sthect
1035 3126 1064 3172 of
1080 3126 1129 3171 dis-

204 3193 227 3238 8.
242 3193 269 3238 in
288 3194 378 3251 optimo
391 3196 459 3254 filio]
505 3197 565 3243 This
585 3211 636 3244 was
666 3206 760 3249 course,
771 3199 833 3238 orto
849 3196 914 3239 what
929 3195 949 3238 is
965 3208 1033 3241 more
1048 3207 1129 3252 prom-

176 3261 257 3306 cato’s
268 3262 336 3307 elder
346 3275 398 3318 son,
410 3265 446 3308 M.
454 3265 556 3310 Porcius
567 3266 635 3322 Cato,
666 3263 734 3307 inent
744 3265 768 3307 in
784 3264 826 3308 the
836 3265 906 3310 mind
916 3265 945 3310 of
955 3265 998 3312 the
1013 3266 1128 3324 speaker;

176 3328 284 3373 referred
297 3334 323 3372 to
342 3331 368 3374 in
387 3331 419 3374 vi.
439 3331 474 3376 15.
514 3331 553 3378 He
579 3334 637 3379 died
666 3332 846 3377 heretoaeuex.

100 3409 101 3412 ¹
177 3396 250 3441 when
273 3403 371 3453 praetor
394 3399 464 3454 elect,
489 3400 518 3445 B.
544 3401 638 3459 0152,
698 3399 733 3444 18.
751 3401 938 3462 Tartessiorum]
950 3405 1089 3463 Tartessus,
1097 3418 1130 3452 on

177 3465 254 3510 about
270 3470 319 3511 two
334 3478 405 3522 years
422 3468 505 3516 before
522 3471 564 3516 the
581 3472 638 3518 date
667 3473 709 3518 the
720 3475 837 3519 southsm
848 3477 955 3524 coastof
966 3479 1049 3536 Spain.

177 3533 207 3580 of
218 3534 267 3580 this
277 3535 400 3593 dialogus.
697 3543 732 3587 19.
748 3543 876 3604 scriptum]
890 3546 1039 3607 Herodotus,
1050 3549 1129 3598 tht.
