<?xml version="1.0" encoding="UTF-8"?>
<!DOCTYPE html PUBLIC "-//W3C//DTD XHTML 1.0 Transitional//EN"
    "http://www.w3.org/TR/xhtml1/DTD/xhtml1-transitional.dtd">
<html xmlns="http://www.w3.org/1999/xhtml" xml:lang="en" lang="en">
 <head>
  <title>
</title>
<meta http-equiv="Content-Type" content="text/html;charset=utf-8" />
  <meta name='ocr-system' content='tesseract 3.04.00' />
  <meta name='ocr-capabilities' content='ocr_page ocr_carea ocr_par ocr_line ocrx_word'/>
</head>
<body>
  <div class='ocr_page' id='page_1' title='image "./selectionsfroml00gardgoog_0166.png"; bbox 0 0 2492 3900; ppageno 0'>
   <div class='ocr_carea' id='block_1_1' title="bbox 186 213 933 286">
    <p class='ocr_par' dir='ltr' id='par_1_1' title="bbox 186 213 933 286">
     <span class='ocr_line' id='line_1_1' title="bbox 186 213 933 286; baseline -0.008 -8"><span class='ocrx_word' id='word_1_1' title='bbox 186 223 245 286; x_wconf 84' lang='lat'>154</span> <span class='ocrx_word' id='word_1_2' title='bbox 317 213 324 222; x_wconf 81' lang='lat'>‘</span> <span class='ocrx_word' id='word_1_3' title='bbox 376 223 594 274; x_wconf 72' lang='lat' dir='ltr'>sannarum</span> <span class='ocrx_word' id='word_1_4' title='bbox 618 221 738 273; x_wconf 73' lang='lat' dir='ltr'>Maeui</span> <span class='ocrx_word' id='word_1_5' title='bbox 763 221 875 273; x_wconf 78' lang='lat' dir='ltr'>arana</span> <span class='ocrx_word' id='word_1_6' title='bbox 896 221 933 274; x_wconf 88' lang='lat' dir='ltr'>x.</span> 
     </span>
    </p>
   </div>
   <div class='ocr_carea' id='block_1_2' title="bbox 137 397 1144 966">
    <p class='ocr_par' dir='ltr' id='par_1_2' title="bbox 137 397 1144 966">
     <span class='ocr_line' id='line_1_2' title="bbox 184 397 1142 480; baseline -0.004 -19"><span class='ocrx_word' id='word_1_7' title='bbox 184 401 304 480; x_wconf 91' lang='lat' dir='ltr'>lippum</span> <span class='ocrx_word' id='word_1_8' title='bbox 315 402 399 461; x_wconf 87' lang='lat' dir='ltr'>ultus</span> <span class='ocrx_word' id='word_1_9' title='bbox 407 401 473 461; x_wconf 82' lang='lat' dir='ltr'>erat</span> <span class='ocrx_word' id='word_1_10' title='bbox 484 422 491 461; x_wconf 73' lang='grc' dir='ltr'><strong>ε</strong></span> <span class='ocrx_word' id='word_1_11' title='bbox 512 400 615 461; x_wconf 88' lang='lat' dir='ltr'>iamin</span> <span class='ocrx_word' id='word_1_12' title='bbox 628 421 735 460; x_wconf 86' lang='lat' dir='ltr'>omnes</span> <span class='ocrx_word' id='word_1_13' title='bbox 749 399 812 460; x_wconf 84' lang='lat' dir='ltr'>sere</span> <span class='ocrx_word' id='word_1_14' title='bbox 827 399 941 459; x_wconf 89' lang='lat' dir='ltr'>amicos</span> <span class='ocrx_word' id='word_1_15' title='bbox 954 397 1142 478; x_wconf 82' lang='lat' dir='ltr'>benignitas,</span> 
     </span>
     <span class='ocr_line' id='line_1_3' title="bbox 186 495 1142 578; baseline -0.003 -21"><span class='ocrx_word' id='word_1_16' title='bbox 186 519 260 578; x_wconf 82' lang='lat' dir='ltr'>erga</span> <span class='ocrx_word' id='word_1_17' title='bbox 271 499 384 560; x_wconf 80' lang='lat' dir='ltr'><strong>milites</strong></span> <span class='ocrx_word' id='word_1_18' title='bbox 396 498 627 558; x_wconf 82' lang='lat' dir='ltr'>benevolentia:</span> <span class='ocrx_word' id='word_1_19' title='bbox 639 497 799 557; x_wconf 90' lang='lat' dir='ltr'>eonsilium</span> <span class='ocrx_word' id='word_1_20' title='bbox 808 516 863 576; x_wconf 90' lang='lat' dir='ltr'>par</span> <span class='ocrx_word' id='word_1_21' title='bbox 872 495 1076 576; x_wconf 84' lang='lat' dir='ltr'>magnitudini</span> <span class='ocrx_word' id='word_1_22' title='bbox 1086 515 1142 554; x_wconf 88' lang='lat' dir='ltr'>an-</span> 
     </span>
     <span class='ocr_line' id='line_1_4' title="bbox 186 591 1141 676; baseline -0.001 -22"><span class='ocrx_word' id='word_1_23' title='bbox 186 595 240 655; x_wconf 88' lang='lat' dir='ltr'>imi</span> <span class='ocrx_word' id='word_1_24' title='bbox 255 604 295 668; x_wconf 88' lang='lat' dir='ltr'>et,</span> <span class='ocrx_word' id='word_1_25' title='bbox 310 607 458 676; x_wconf 88' lang='lat' dir='ltr'>quantam</span> <span class='ocrx_word' id='word_1_26' title='bbox 473 596 526 655; x_wconf 85' lang='lat' dir='ltr'>vix</span> <span class='ocrx_word' id='word_1_27' title='bbox 540 605 664 676; x_wconf 89' lang='lat' dir='ltr'>poterat</span> <span class='ocrx_word' id='word_1_28' title='bbox 678 606 762 654; x_wconf 88' lang='lat' dir='ltr'>aetas</span> <span class='ocrx_word' id='word_1_29' title='bbox 777 594 843 654; x_wconf 89' lang='lat' dir='ltr'>eius</span> <span class='ocrx_word' id='word_1_30' title='bbox 860 613 978 672; x_wconf 87' lang='lat' dir='ltr'>capere,</span> <span class='ocrx_word' id='word_1_31' title='bbox 993 591 1141 653; x_wconf 86' lang='lat' dir='ltr'>sollertia.</span> 
     </span>
     <span class='ocr_line' id='line_1_5' title="bbox 186 689 1144 772; baseline -0.002 -20"><span class='ocrx_word' id='word_1_32' title='bbox 186 691 246 752; x_wconf 90' lang='lat' dir='ltr'>Illa</span> <span class='ocrx_word' id='word_1_33' title='bbox 261 689 420 752; x_wconf 82' lang='lat' dir='ltr'>fortunae:</span> <span class='ocrx_word' id='word_1_34' title='bbox 442 693 508 752; x_wconf 88' lang='lat' dir='ltr'>deis</span> <span class='ocrx_word' id='word_1_35' title='bbox 527 712 658 772; x_wconf 86' lang='lat' dir='ltr'>aequare</span> <span class='ocrx_word' id='word_1_36' title='bbox 680 712 713 752; x_wconf 90' lang='lat' dir='ltr'>sc</span> <span class='ocrx_word' id='word_1_37' title='bbox 727 701 759 751; x_wconf 90' lang='lat' dir='ltr'>et</span> <span class='ocrx_word' id='word_1_38' title='bbox 774 691 921 751; x_wconf 88' lang='lat' dir='ltr'>caelestes</span> <span class='ocrx_word' id='word_1_39' title='bbox 941 690 1072 749; x_wconf 91' lang='lat' dir='ltr'>honores</span> <span class='ocrx_word' id='word_1_40' title='bbox 1093 707 1144 750; x_wconf 87' lang='lat' dir='ltr'>ao·</span> 
     </span>
     <span class='ocr_line' id='line_1_6' title="bbox 137 776 1143 866; baseline -0.002 -18"><span class='ocrx_word' id='word_1_41' title='bbox 137 776 156 862; x_wconf 78' lang='lat'>5¹</span> <span class='ocrx_word' id='word_1_42' title='bbox 187 809 305 849; x_wconf 90' lang='lat' dir='ltr'>cersere</span> <span class='ocrx_word' id='word_1_43' title='bbox 320 801 352 849; x_wconf 90' lang='lat' dir='ltr'>et</span> <span class='ocrx_word' id='word_1_44' title='bbox 365 791 440 849; x_wconf 88' lang='lat' dir='ltr'>talia</span> <span class='ocrx_word' id='word_1_45' title='bbox 459 789 660 850; x_wconf 79' lang='lat' dir='ltr'>suadentibus</span> <span class='ocrx_word' id='word_1_46' title='bbox 682 788 812 848; x_wconf 90' lang='lat' dir='ltr'>oraculis</span> <span class='ocrx_word' id='word_1_47' title='bbox 832 787 958 848; x_wconf 88' lang='lat' dir='ltr'>credere</span> <span class='ocrx_word' id='word_1_48' title='bbox 981 796 1013 847; x_wconf 90' lang='lat' dir='ltr'>et</span> <span class='ocrx_word' id='word_1_49' title='bbox 1035 787 1143 866; x_wconf 88' lang='lat' dir='ltr'>dedig-</span> 
     </span>
     <span class='ocr_line' id='line_1_7' title="bbox 186 886 1141 966; baseline -0.003 -20"><span class='ocrx_word' id='word_1_50' title='bbox 186 887 333 946; x_wconf 80' lang='lat' dir='ltr'>nantibus</span> <span class='ocrx_word' id='word_1_51' title='bbox 348 887 489 946; x_wconf 88' lang='lat' dir='ltr'>venerari</span> <span class='ocrx_word' id='word_1_52' title='bbox 509 887 611 966; x_wconf 92' lang='lat' dir='ltr'>ipsum</span> <span class='ocrx_word' id='word_1_53' title='bbox 626 886 847 964; x_wconf 59' lang='lat' dir='ltr'>uehementius,</span> <span class='ocrx_word' id='word_1_54' title='bbox 863 905 954 965; x_wconf 87' lang='lat' dir='ltr'>quam</span> <span class='ocrx_word' id='word_1_55' title='bbox 977 905 1032 964; x_wconf 89' lang='lat' dir='ltr'>par</span> <span class='ocrx_word' id='word_1_56' title='bbox 1050 895 1141 959; x_wconf 84' lang='lat' dir='ltr'>esset,</span> 
     </span>
    </p>
   </div>
   <div class='ocr_carea' id='block_1_3' title="bbox 186 981 1141 1061">
    <p class='ocr_par' dir='ltr' id='par_1_3' title="bbox 186 981 1141 1061">
     <span class='ocr_line' id='line_1_8' title="bbox 186 981 1141 1061; baseline -0.002 -19"><span class='ocrx_word' id='word_1_57' title='bbox 186 982 292 1042; x_wconf 89' lang='lat' dir='ltr'>irasci:</span> <span class='ocrx_word' id='word_1_58' title='bbox 317 983 349 1042; x_wconf 90' lang='lat' dir='ltr'>in</span> <span class='ocrx_word' id='word_1_59' title='bbox 365 993 528 1043; x_wconf 85' lang='lat' dir='ltr'>externum</span> <span class='ocrx_word' id='word_1_60' title='bbox 549 983 691 1042; x_wconf 89' lang='lat' dir='ltr'>habitum</span> <span class='ocrx_word' id='word_1_61' title='bbox 716 992 835 1042; x_wconf 88' lang='lat' dir='ltr'>mutare</span> <span class='ocrx_word' id='word_1_62' title='bbox 857 981 992 1061; x_wconf 87' lang='lat' dir='ltr'>c01poris</span> <span class='ocrx_word' id='word_1_63' title='bbox 1013 983 1141 1056; x_wconf 90' lang='lat' dir='ltr'>cultum,</span> 
     </span>
    </p>
   </div>
   <div class='ocr_carea' id='block_1_4' title="bbox 186 1071 1241 1159">
    <p class='ocr_par' dir='ltr' id='par_1_4' title="bbox 186 1071 1241 1159">
     <span class='ocr_line' id='line_1_9' title="bbox 186 1071 1241 1159; baseline -0.002 -19"><span class='ocrx_word' id='word_1_64' title='bbox 186 1079 300 1140; x_wconf 88' lang='lat' dir='ltr'>imitari</span> <span class='ocrx_word' id='word_1_65' title='bbox 315 1080 508 1140; x_wconf 82' lang='lat' dir='ltr'>devictarum</span> <span class='ocrx_word' id='word_1_66' title='bbox 521 1080 662 1159; x_wconf 86' lang='lat' dir='ltr'>gentium</span> <span class='ocrx_word' id='word_1_67' title='bbox 677 1100 786 1154; x_wconf 91' lang='lat' dir='ltr'>mores,</span> <span class='ocrx_word' id='word_1_68' title='bbox 800 1099 877 1159; x_wconf 88' lang='lat' dir='ltr'>quos</span> <span class='ocrx_word' id='word_1_69' title='bbox 892 1089 963 1139; x_wconf 91' lang='lat' dir='ltr'>ante</span> <span class='ocrx_word' id='word_1_70' title='bbox 978 1079 1142 1139; x_wconf 85' lang='lat' dir='ltr'>victoriam</span> <span class='ocrx_word' id='word_1_71' title='bbox 1240 1071 1241 1090; x_wconf 67' lang='lat'><em>³</em></span> 
     </span>
    </p>
   </div>
   <div class='ocr_carea' id='block_1_5' title="bbox 140 1175 1142 1935">
    <p class='ocr_par' dir='ltr' id='par_1_5' title="bbox 140 1175 1142 1935">
     <span class='ocr_line' id='line_1_10' title="bbox 187 1175 1142 1257; baseline -0.002 -20"><span class='ocrx_word' id='word_1_72' title='bbox 187 1186 353 1257; x_wconf 84' lang='lat' dir='ltr'>spreverat</span> <span class='ocrx_word' id='word_1_73' title='bbox 394 1177 479 1236; x_wconf 87' lang='lat' dir='ltr'>Nam</span> <span class='ocrx_word' id='word_1_74' title='bbox 504 1177 694 1236; x_wconf 79' lang='lat' dir='ltr'>iracundiam</span> <span class='ocrx_word' id='word_1_75' title='bbox 715 1185 747 1236; x_wconf 92' lang='lat' dir='ltr'>et</span> <span class='ocrx_word' id='word_1_76' title='bbox 768 1175 944 1255; x_wconf 83' lang='lat' dir='ltr'>cupidinem</span> <span class='ocrx_word' id='word_1_77' title='bbox 964 1175 1029 1235; x_wconf 89' lang='lat' dir='ltr'>vini</span> <span class='ocrx_word' id='word_1_78' title='bbox 1050 1175 1142 1236; x_wconf 86' lang='lat' dir='ltr'>sicuti</span> 
     </span>
     <span class='ocr_line' id='line_1_11' title="bbox 140 1273 1139 1354; baseline 0 -20"><span class='ocrx_word' id='word_1_79' title='bbox 140 1284 177 1346; x_wconf 91' lang='lat'>10</span> <span class='ocrx_word' id='word_1_80' title='bbox 187 1275 314 1335; x_wconf 88' lang='lat' dir='ltr'>iuventa</span> <span class='ocrx_word' id='word_1_81' title='bbox 341 1274 531 1349; x_wconf 70' lang='lat' dir='ltr'>inritaverat,</span> <span class='ocrx_word' id='word_1_82' title='bbox 558 1274 773 1347; x_wconf 86' lang='lat' dir='ltr'>itascnectus</span> <span class='ocrx_word' id='word_1_83' title='bbox 800 1273 942 1354; x_wconf 87' lang='lat' dir='ltr'>mitigare</span> <span class='ocrx_word' id='word_1_84' title='bbox 978 1273 1139 1353; x_wconf 88' lang='lat' dir='ltr'>potuisset.</span> 
     </span>
     <span class='ocr_line' id='line_1_12' title="bbox 187 1370 1140 1450; baseline -0.002 -18"><span class='ocrx_word' id='word_1_85' title='bbox 187 1372 366 1432; x_wconf 85' lang='lat' dir='ltr'>Fatendum</span> <span class='ocrx_word' id='word_1_86' title='bbox 381 1381 430 1432; x_wconf 86' lang='lat' dir='ltr'>est</span> <span class='ocrx_word' id='word_1_87' title='bbox 448 1381 563 1446; x_wconf 88' lang='lat' dir='ltr'>tamen,</span> <span class='ocrx_word' id='word_1_88' title='bbox 577 1391 649 1432; x_wconf 93' lang='lat' dir='ltr'>cum</span> <span class='ocrx_word' id='word_1_89' title='bbox 673 1370 838 1450; x_wconf 88' lang='lat' dir='ltr'>plurimum</span> <span class='ocrx_word' id='word_1_90' title='bbox 859 1370 968 1431; x_wconf 82' lang='lat' dir='ltr'>virtuti</span> <span class='ocrx_word' id='word_1_91' title='bbox 989 1370 1140 1445; x_wconf 83' lang='lat' dir='ltr'>debuerit,</span> 
     </span>
     <span class='ocr_line' id='line_1_13' title="bbox 187 1466 1139 1549; baseline 0.001 -23"><span class='ocrx_word' id='word_1_92' title='bbox 187 1469 257 1549; x_wconf 90' lang='lat' dir='ltr'>plus</span> <span class='ocrx_word' id='word_1_93' title='bbox 272 1469 415 1528; x_wconf 84' lang='lat' dir='ltr'>debuisse</span> <span class='ocrx_word' id='word_1_94' title='bbox 429 1469 579 1542; x_wconf 86' lang='lat' dir='ltr'>fortunae,</span> <span class='ocrx_word' id='word_1_95' title='bbox 594 1488 687 1548; x_wconf 90' lang='lat' dir='ltr'>quam</span> <span class='ocrx_word' id='word_1_96' title='bbox 704 1468 788 1527; x_wconf 87' lang='lat' dir='ltr'>solus</span> <span class='ocrx_word' id='word_1_97' title='bbox 810 1466 947 1526; x_wconf 87' lang='lat' dir='ltr'>omnium</span> <span class='ocrx_word' id='word_1_98' title='bbox 962 1467 1139 1528; x_wconf 89' lang='lat' dir='ltr'>mortalium</span> 
     </span>
     <span class='ocr_line' id='line_1_14' title="bbox 188 1565 1141 1645; baseline 0.002 -21"><span class='ocrx_word' id='word_1_99' title='bbox 188 1565 220 1624; x_wconf 93' lang='lat' dir='ltr'>in</span> <span class='ocrx_word' id='word_1_100' title='bbox 234 1575 391 1645; x_wconf 88' lang='lat' dir='ltr'>potestate</span> <span class='ocrx_word' id='word_1_101' title='bbox 405 1565 522 1626; x_wconf 89' lang='lat' dir='ltr'>habuit</span> <span class='ocrx_word' id='word_1_102' title='bbox 551 1565 703 1638; x_wconf 79' lang='lat' dir='ltr'>Quotiens</span> <span class='ocrx_word' id='word_1_103' title='bbox 716 1565 801 1623; x_wconf 91' lang='lat' dir='ltr'>illum</span> <span class='ocrx_word' id='word_1_104' title='bbox 818 1584 837 1624; x_wconf 88' lang='lat' dir='ltr'>a</span> <span class='ocrx_word' id='word_1_105' title='bbox 851 1574 950 1626; x_wconf 88' lang='lat' dir='ltr'>morte</span> <span class='ocrx_word' id='word_1_106' title='bbox 962 1567 1141 1627; x_wconf 84' lang='lat' dir='ltr'>revocavit?</span> 
     </span>
     <span class='ocr_line' id='line_1_15' title="bbox 189 1661 1141 1742; baseline 0.004 -22"><span class='ocrx_word' id='word_1_107' title='bbox 189 1661 332 1741; x_wconf 89' lang='lat' dir='ltr'>quotiens</span> <span class='ocrx_word' id='word_1_108' title='bbox 347 1671 463 1721; x_wconf 89' lang='lat' dir='ltr'>temere</span> <span class='ocrx_word' id='word_1_109' title='bbox 476 1661 508 1721; x_wconf 90' lang='lat' dir='ltr'>in</span> <span class='ocrx_word' id='word_1_110' title='bbox 523 1662 658 1742; x_wconf 80' lang='lat' dir='ltr'>pericula</span> <span class='ocrx_word' id='word_1_111' title='bbox 674 1672 799 1722; x_wconf 88' lang='lat' dir='ltr'>vectum</span> <span class='ocrx_word' id='word_1_112' title='bbox 822 1671 972 1741; x_wconf 82' lang='lat' dir='ltr'>perpetua</span> <span class='ocrx_word' id='word_1_113' title='bbox 993 1663 1141 1725; x_wconf 80' lang='lat' dir='ltr'>felicitate</span> 
     </span>
     <span class='ocr_line' id='line_1_16' title="bbox 140 1758 1141 1841; baseline 0.005 -24"><span class='ocrx_word' id='word_1_114' title='bbox 140 1772 179 1833; x_wconf 84' lang='lat'>15</span> <span class='ocrx_word' id='word_1_115' title='bbox 190 1758 348 1838; x_wconf 80' lang='lat' dir='ltr'>protexit?</span> <span class='ocrx_word' id='word_1_116' title='bbox 402 1759 498 1819; x_wconf 88' lang='lat' dir='ltr'>Vitae</span> <span class='ocrx_word' id='word_1_117' title='bbox 526 1779 648 1839; x_wconf 88' lang='lat' dir='ltr'>quoque</span> <span class='ocrx_word' id='word_1_118' title='bbox 676 1759 769 1819; x_wconf 86' lang='lat' dir='ltr'>finem</span> <span class='ocrx_word' id='word_1_119' title='bbox 798 1761 932 1820; x_wconf 89' lang='lat' dir='ltr'>eundem</span> <span class='ocrx_word' id='word_1_120' title='bbox 966 1760 1011 1820; x_wconf 94' lang='lat' dir='ltr'>illi</span> <span class='ocrx_word' id='word_1_121' title='bbox 1049 1783 1141 1841; x_wconf 89' lang='lat' dir='ltr'>quem</span> 
     </span>
     <span class='ocr_line' id='line_1_17' title="bbox 188 1855 1140 1935; baseline 0.005 -21"><span class='ocrx_word' id='word_1_122' title='bbox 188 1856 304 1935; x_wconf 87' lang='lat' dir='ltr'>gloriae</span> <span class='ocrx_word' id='word_1_123' title='bbox 329 1855 448 1915; x_wconf 89' lang='lat' dir='ltr'>statuit</span> <span class='ocrx_word' id='word_1_124' title='bbox 488 1855 717 1934; x_wconf 80' lang='lat' dir='ltr'>Exspectavere</span> <span class='ocrx_word' id='word_1_125' title='bbox 733 1877 802 1916; x_wconf 89' lang='lat' dir='ltr'>eum</span> <span class='ocrx_word' id='word_1_126' title='bbox 815 1858 888 1932; x_wconf 87' lang='lat' dir='ltr'>fata,</span> <span class='ocrx_word' id='word_1_127' title='bbox 903 1858 987 1932; x_wconf 90' lang='lat' dir='ltr'>dum,</span> <span class='ocrx_word' id='word_1_128' title='bbox 1011 1858 1140 1919; x_wconf 89' lang='lat' dir='ltr'>Oriente</span> 
     </span>
    </p>
   </div>
   <div class='ocr_carea' id='block_1_6' title="bbox 189 1953 1241 2037">
    <p class='ocr_par' dir='ltr' id='par_1_6' title="bbox 189 1953 1241 2037">
     <span class='ocr_line' id='line_1_18' title="bbox 189 1953 1241 2037; baseline 0.006 -24"><span class='ocrx_word' id='word_1_129' title='bbox 189 1954 363 2033; x_wconf 86' lang='lat' dir='ltr'>perdomito</span> <span class='ocrx_word' id='word_1_130' title='bbox 378 1953 523 2033; x_wconf 87' lang='lat' dir='ltr'>aditoque</span> <span class='ocrx_word' id='word_1_131' title='bbox 538 1953 673 2029; x_wconf 78' lang='lat' dir='ltr'>Ocean0,</span> <span class='ocrx_word' id='word_1_132' title='bbox 688 1956 834 2036; x_wconf 91' lang='lat' dir='ltr'>quicquid</span> <span class='ocrx_word' id='word_1_133' title='bbox 854 1958 1026 2017; x_wconf 85' lang='lat' dir='ltr'>mortalitas</span> <span class='ocrx_word' id='word_1_134' title='bbox 1043 1958 1141 2037; x_wconf 86' lang='lat' dir='ltr'>capie-</span> <span class='ocrx_word' id='word_1_135' title='bbox 1240 2008 1241 2019; x_wconf 67' lang='grc'>,</span> 
     </span>
    </p>
   </div>
   <div class='ocr_carea' id='block_1_7' title="bbox 140 2036 1241 2597">
    <p class='ocr_par' dir='ltr' id='par_1_7' title="bbox 140 2036 1241 2597">
     <span class='ocr_line' id='line_1_19' title="bbox 189 2036 1142 2141; baseline 0.007 -35"><span class='ocrx_word' id='word_1_136' title='bbox 189 2036 252 2122; x_wconf 86' lang='lat' dir='ltr'>bat,</span> <span class='ocrx_word' id='word_1_137' title='bbox 266 2048 406 2127; x_wconf 89' lang='lat' dir='ltr'>inpleret.</span> <span class='ocrx_word' id='word_1_138' title='bbox 435 2048 531 2141; x_wconf 31' lang='lat' dir='ltr'>‘Huic</span> <span class='ocrx_word' id='word_1_139' title='bbox 555 2049 620 2129; x_wconf 85' lang='lat' dir='ltr'>regi</span> <span class='ocrx_word' id='word_1_140' title='bbox 644 2050 775 2130; x_wconf 88' lang='lat' dir='ltr'>ducique</span> <span class='ocrx_word' id='word_1_141' title='bbox 797 2072 952 2127; x_wconf 79' lang='lat' dir='ltr'>successor</span> <span class='ocrx_word' id='word_1_142' title='bbox 977 2053 1142 2132; x_wconf 82' lang='lat' dir='ltr'>quaereba-</span> 
     </span>
     <span class='ocr_line' id='line_1_20' title="bbox 189 2145 1141 2227; baseline 0.007 -24"><span class='ocrx_word' id='word_1_143' title='bbox 189 2154 257 2204; x_wconf 89' lang='lat' dir='ltr'>tur:</span> <span class='ocrx_word' id='word_1_144' title='bbox 278 2146 333 2205; x_wconf 90' lang='lat' dir='ltr'>sed</span> <span class='ocrx_word' id='word_1_145' title='bbox 357 2145 457 2204; x_wconf 86' lang='lat' dir='ltr'>maior</span> <span class='ocrx_word' id='word_1_146' title='bbox 478 2146 576 2205; x_wconf 91' lang='lat' dir='ltr'>moles</span> <span class='ocrx_word' id='word_1_147' title='bbox 597 2156 672 2222; x_wconf 89' lang='lat' dir='ltr'>erat,</span> <span class='ocrx_word' id='word_1_148' title='bbox 687 2168 779 2227; x_wconf 91' lang='lat' dir='ltr'>quam</span> <span class='ocrx_word' id='word_1_149' title='bbox 803 2158 837 2209; x_wconf 89' lang='lat' dir='ltr'>ut</span> <span class='ocrx_word' id='word_1_150' title='bbox 856 2170 935 2209; x_wconf 88' lang='lat' dir='ltr'>unns</span> <span class='ocrx_word' id='word_1_151' title='bbox 956 2149 1057 2210; x_wconf 86' lang='lat' dir='ltr'>subire</span> <span class='ocrx_word' id='word_1_152' title='bbox 1073 2170 1141 2209; x_wconf 89' lang='lat' dir='ltr'>eam</span> 
     </span>
     <span class='ocr_line' id='line_1_21' title="bbox 140 2241 1141 2325; baseline 0.007 -25"><span class='ocrx_word' id='word_1_153' title='bbox 140 2250 302 2322; x_wconf 75' lang='lat' dir='ltr'>20posset</span> <span class='ocrx_word' id='word_1_154' title='bbox 343 2241 453 2322; x_wconf 88' lang='lat' dir='ltr'>Itaque</span> <span class='ocrx_word' id='word_1_155' title='bbox 475 2264 588 2303; x_wconf 90' lang='lat' dir='ltr'>nomen</span> <span class='ocrx_word' id='word_1_156' title='bbox 608 2265 730 2325; x_wconf 87' lang='lat' dir='ltr'>quoque</span> <span class='ocrx_word' id='word_1_157' title='bbox 753 2246 817 2305; x_wconf 87' lang='lat' dir='ltr'>eius</span> <span class='ocrx_word' id='word_1_158' title='bbox 839 2255 872 2306; x_wconf 89' lang='lat' dir='ltr'>et</span> <span class='ocrx_word' id='word_1_159' title='bbox 892 2248 973 2307; x_wconf 84' lang='lat' dir='ltr'>fama</span> <span class='ocrx_word' id='word_1_160' title='bbox 992 2268 1094 2307; x_wconf 90' lang='lat' dir='ltr'>rerum</span> <span class='ocrx_word' id='word_1_161' title='bbox 1108 2247 1141 2307; x_wconf 90' lang='lat' dir='ltr'>in</span> 
     </span>
     <span class='ocr_line' id='line_1_22' title="bbox 189 2340 1141 2422; baseline 0.003 -22"><span class='ocrx_word' id='word_1_162' title='bbox 189 2348 293 2400; x_wconf 90' lang='lat' dir='ltr'>totum</span> <span class='ocrx_word' id='word_1_163' title='bbox 320 2340 544 2419; x_wconf 89' lang='lat' dir='ltr'>propemodum</span> <span class='ocrx_word' id='word_1_164' title='bbox 571 2342 678 2402; x_wconf 90' lang='lat' dir='ltr'>orbem</span> <span class='ocrx_word' id='word_1_165' title='bbox 705 2362 794 2422; x_wconf 87' lang='lat' dir='ltr'>reges</span> <span class='ocrx_word' id='word_1_166' title='bbox 823 2362 859 2403; x_wconf 88' lang='lat' dir='ltr'>ao</span> <span class='ocrx_word' id='word_1_167' title='bbox 886 2363 981 2421; x_wconf 85' lang='lat' dir='ltr'>regna</span> <span class='ocrx_word' id='word_1_168' title='bbox 1009 2344 1141 2419; x_wconf 82' lang='lat' dir='ltr'>diffudit,</span> 
     </span>
     <span class='ocr_line' id='line_1_23' title="bbox 190 2436 1241 2520; baseline 0.006 -23"><span class='ocrx_word' id='word_1_169' title='bbox 190 2436 409 2518; x_wconf 82' lang='lat' dir='ltr'>clarissimique</span> <span class='ocrx_word' id='word_1_170' title='bbox 425 2446 497 2497; x_wconf 92' lang='lat' dir='ltr'>sunt</span> <span class='ocrx_word' id='word_1_171' title='bbox 510 2438 616 2513; x_wconf 89' lang='lat' dir='ltr'>habiti,</span> <span class='ocrx_word' id='word_1_172' title='bbox 632 2440 684 2519; x_wconf 94' lang='lat' dir='ltr'>qui</span> <span class='ocrx_word' id='word_1_173' title='bbox 698 2440 791 2500; x_wconf 90' lang='lat' dir='ltr'>etiam</span> <span class='ocrx_word' id='word_1_174' title='bbox 812 2439 956 2500; x_wconf 87' lang='lat' dir='ltr'>minimae</span> <span class='ocrx_word' id='word_1_175' title='bbox 978 2442 1058 2520; x_wconf 90' lang='lat' dir='ltr'>parti</span> <span class='ocrx_word' id='word_1_176' title='bbox 1077 2451 1143 2502; x_wconf 89' lang='lat' dir='ltr'>tan·</span> <span class='ocrx_word' id='word_1_177' title='bbox 1240 2480 1241 2489; x_wconf 28' lang='grc' dir='ltr'><strong>κ</strong></span> 
     </span>
     <span class='ocr_line' id='line_1_24' title="bbox 189 2524 630 2597; baseline 0.005 -2"><span class='ocrx_word' id='word_1_178' title='bbox 189 2544 241 2595; x_wconf 89' lang='lat' dir='ltr'>tae</span> <span class='ocrx_word' id='word_1_179' title='bbox 255 2535 398 2595; x_wconf 81' lang='lat' dir='ltr'>fortunae</span> <span class='ocrx_word' id='word_1_180' title='bbox 414 2524 630 2597; x_wconf 77' lang='lat' dir='ltr'>adhaeserunt</span> 
     </span>
    </p>
   </div>
   <div class='ocr_carea' id='block_1_8' title="bbox 128 2694 1142 2967">
    <p class='ocr_par' dir='ltr' id='par_1_8' title="bbox 189 2694 1142 2901">
     <span class='ocr_line' id='line_1_25' title="bbox 217 2694 1141 2759; baseline 0.009 -19"><span class='ocrx_word' id='word_1_181' title='bbox 217 2695 241 2741; x_wconf 80' lang='lat'>4.</span> <span class='ocrx_word' id='word_1_182' title='bbox 256 2694 439 2758; x_wconf 72' lang='lat' dir='ltr'>mafortem]</span> <span class='ocrx_word' id='word_1_183' title='bbox 474 2696 540 2743; x_wconf 84' lang='lat' dir='ltr'>‘The</span> <span class='ocrx_word' id='word_1_184' title='bbox 558 2697 653 2743; x_wconf 80' lang='lat' dir='ltr'>follow·</span> <span class='ocrx_word' id='word_1_185' title='bbox 712 2698 748 2744; x_wconf 87' lang='lat'>16.</span> <span class='ocrx_word' id='word_1_186' title='bbox 763 2698 944 2759; x_wconf 74' lang='lat' dir='ltr'>Empeotavere]</span> <span class='ocrx_word' id='word_1_187' title='bbox 967 2700 1141 2748; x_wconf 80' lang='lat' dir='ltr'>‘Waitcdfon&#39;</span> 
     </span>
     <span class='ocr_line' id='line_1_26' title="bbox 189 2764 1113 2829; baseline 0.008 -19"><span class='ocrx_word' id='word_1_188' title='bbox 189 2764 233 2821; x_wconf 80' lang='lat' dir='ltr'>lng</span> <span class='ocrx_word' id='word_1_189' title='bbox 250 2765 386 2824; x_wconf 78' lang='lat' dir='ltr'>(qualities)</span> <span class='ocrx_word' id='word_1_190' title='bbox 407 2766 517 2813; x_wconf 84' lang='lat' dir='ltr'>resulted</span> <span class='ocrx_word' id='word_1_191' title='bbox 534 2768 597 2813; x_wconf 76' lang='lat' dir='ltr'>from</span> <span class='ocrx_word' id='word_1_192' title='bbox 614 2767 653 2813; x_wconf 92' lang='lat' dir='ltr'>hls</span> <span class='ocrx_word' id='word_1_193' title='bbox 713 2766 748 2815; x_wconf 80' lang='lat'>17.</span> <span class='ocrx_word' id='word_1_194' title='bbox 763 2768 879 2829; x_wconf 78' lang='lat' dir='ltr'>capiebat]</span> <span class='ocrx_word' id='word_1_195' title='bbox 911 2770 1055 2817; x_wconf 88' lang='lat' dir='ltr'>‘Admitted</span> <span class='ocrx_word' id='word_1_196' title='bbox 1071 2769 1113 2816; x_wconf 78' lang='lat' dir='ltr'>ofi&#39;</span> 
     </span>
     <span class='ocr_line' id='line_1_27' title="bbox 189 2836 1142 2901; baseline 0.013 -23"><span class='ocrx_word' id='word_1_197' title='bbox 189 2836 512 2897; x_wconf 57' lang='lat' dir='ltr'>prosperior-accersere]</span> <span class='ocrx_word' id='word_1_198' title='bbox 537 2837 654 2885; x_wconf 83' lang='lat' dir='ltr'>‘Tocov·</span> <span class='ocrx_word' id='word_1_199' title='bbox 712 2836 1023 2901; x_wconf 73' lang='lat' dir='ltr'>23.q1c-actaaerunt]</span> <span class='ocrx_word' id='word_1_200' title='bbox 1062 2843 1069 2868; x_wconf 90' lang='lat'>‘</span> <span class='ocrx_word' id='word_1_201' title='bbox 1076 2841 1142 2889; x_wconf 84' lang='lat' dir='ltr'>who</span> 
     </span>
    </p>

    <p class='ocr_par' dir='ltr' id='par_1_9' title="bbox 128 2903 838 2967">
     <span class='ocr_line' id='line_1_28' title="bbox 128 2903 838 2967; baseline 0.008 -18"><span class='ocrx_word' id='word_1_202' title='bbox 128 2936 131 2939; x_wconf 80' lang='lat'><strong>.</strong></span> <span class='ocrx_word' id='word_1_203' title='bbox 190 2903 384 2959; x_wconf 61' lang='lat' dir='ltr'>armenum</span> <span class='ocrx_word' id='word_1_204' title='bbox 681 2907 838 2967; x_wconf 77' lang='lat' dir='ltr'>partoonot’</span> 
     </span>
    </p>
   </div>
   <div class='ocr_carea' id='block_1_9' title="bbox 0 0 1250 3900">
    <p class='ocr_par' dir='ltr' id='par_1_10' title="bbox 0 0 1250 3900">
     <span class='ocr_line' id='line_1_29' title="bbox 0 0 1250 3900; baseline 0 0"><span class='ocrx_word' id='word_1_205' title='bbox 0 0 1250 3900; x_wconf 95' lang='lat' dir='ltr'> </span> 
     </span>
    </p>
   </div>
  </div>
 </body>
</html>
