2492 3900
262 270 357 325 CATO
380 270 508 333 MAIOR,
534 270 620 324 SIVE
644 273 695 323 DE
719 268 945 327 SENECTUTE·
1019 276 1079 336 213

128 447 161 509 in
187 449 357 527 sepulchre.
408 448 483 513 Iure,
508 449 602 529 igitur
629 450 739 529 gravis,
764 451 851 511 euius
875 451 914 510 de
937 451 1080 512 laudibus

129 545 268 607 emnium
293 555 374 605 esset
395 546 477 605 sama
500 548 703 607 consentiens.
746 548 847 620 Quem
868 549 968 609 virum
983 568 1081 627 nuper

119 642 167 703 -Ρ,
190 642 548 723 Crassumeoutifieem
577 644 754 719 maximum,
783 665 875 723 quem
903 657 1011 724 postea
1034 644 1079 705 M.

130 739 292 818 Lepidum,
307 738 416 798 eedem
433 739 607 800 sacerdotio
622 742 804 819 praeditum,
819 742 969 802 vidimus!
995 741 1080 813 Quid

131 834 170 895 de
189 836 299 895 Paullo
325 845 379 895 aut
401 834 549 894 Africano
570 836 687 914 loquar,
712 847 775 911 aut,
796 838 911 897 utiam
938 851 1019 912 ante,
1040 838 1080 897 de
1109 834 1128 895 5

130 931 293 992 Maximo?
315 952 442 1013 quorum
459 952 521 991 nen
536 931 567 989 in
584 934 738 993 sententia
751 934 861 1009 solum,
873 935 1033 994 sedetiam
1047 934 1079 994 in

130 1040 209 1089 nutu
232 1029 387 1089 residebat
413 1031 591 1089 auctoritas.
633 1028 740 1089 Habet
764 1042 916 1104 senectae,
931 1032 1081 1091 honorata

129 1126 317 1204 praesertim,
332 1134 452 1186 tantam
474 1124 700 1200 auctoritatem,
714 1135 751 1186 ut
764 1146 802 1186 ea
815 1127 911 1206 pluris
925 1128 973 1202 sit,
987 1147 1081 1207 quam

130 1242 237 1283 omnes
252 1222 477 1282 adulescentiae
492 1222 679 1299 voluptates.

170 1318 297 1379 XVIII.
319 1320 366 1378 62.
409 1318 470 1378 Sed
487 1317 623 1377 inomni
645 1318 784 1379 eratione
807 1330 997 1382 mementote
1010 1330 1129 1393 eam'lo

130 1436 181 1476 me
202 1426 392 1475 senectutem
415 1415 549 1489 laudare,
570 1434 651 1495 quae
673 1416 883 1478 fundamentis
905 1418 1081 1479 adulescen-

130 1513 192 1572 tiae
207 1512 375 1573 constituta
388 1512 436 1573 sit.
470 1512 519 1571 Ex
535 1533 597 1592 quo
608 1512 740 1573 efficitur
750 1513 791 1586 id,
802 1500 884 1593 qued
897 1534 955 1593 ege
966 1535 1080 1595 magne

75 1664 82 1675 ,
131 1594 287 1690 quondam
312 1630 382 1669 cum
405 1610 538 1669 adsensu
562 1610 702 1669 emnium
723 1610 797 1684 dixi,
818 1611 990 1672 “miseram
1013 1633 1080 1673 esse

131 1714 331 1780 senectutem,
346 1727 423 1785 quae
448 1727 480 1767 se
505 1707 645 1767 oratione
670 1706 876 1768 defenderet.''
916 1708 989 1768 Nen
1012 1709 1081 1769 cani

131 1818 189 1858 nee
210 1817 304 1876 rugae
325 1808 452 1876 repente
467 1798 684 1857 austeritatem
705 1798 838 1877 arripere
857 1811 1003 1878 pessunt3
1025 1800 1079 1859 sed
1090 1808 1128 1869 15

131 1894 259 1956 honeste
284 1905 354 1955 acta
376 1894 514 1974 superior
538 1904 624 1955 aetas
646 1894 765 1955 fruetus
788 1896 869 1974 capit
888 1897 1080 1958 auctoritatis

132 2002 294 2052 extremes.
336 1993 384 2052 63.
405 1991 493 2052 Haec
513 1992 594 2051 enirn
618 1993 686 2071 ipsa
699 2002 774 2052 sunt
789 1993 987 2068 honorabilia,
1002 2015 1081 2074 quae

131 2089 277 2150 videntur
292 2089 371 2148 levia
385 2097 477 2167 atque
493 2089 676 2162 communia,
690 2089 825 2162 salutari,
837 2089 950 2167 adpeti,
963 2091 1081 2165 decedi,

131 2186 266 2266 adsurgi,
281 2185 402 2259 deduci,
415 2184 529 2258 reduci,
544 2185 679 2259 oonsuli3
700 2206 778 2266 quae
790 2195 822 2246 et
834 2186 915 2265 apud
932 2208 987 2246 nes
1003 2200 1034 2248 et
1048 2188 1080 2247 in

131 2283 199 2343 aliis
214 2283 399 2356 civitatibus,
413 2291 448 2342 ut
463 2301 602 2361 quaeque
618 2282 734 2360 optime
749 2293 869 2342 morata
883 2293 939 2356 est,
954 2283 998 2343 ita
1014 2284 1080 2345 dili·
1090 2289 1129 2351 20

129 2381 312 2462 gentissime
327 2381 539 2446 observantur.
581 2379 776 2459 Lysandrum
791 2379 1081 2458 Lacedaemonium,

130 2479 217 2539 euius
231 2479 325 2538 mode
339 2476 397 2537 feei
411 2476 609 2550 mentionem,
623 2477 725 2536 dicere
739 2477 825 2536 aiunt
839 2478 973 2551 solitum,
988 2477 1081 2538 Lace·
1120 2535 1122 2539 .

130 2575 311 2634 daemonem
326 2593 391 2633 esse
406 2572 659 2632 honestissimum
681 2573 867 2632 domicilium
894 2575 1080 2651 senectutis3

129 2691 282 2751 nusquam
306 2671 388 2729 enim
410 2679 533 2729 tantum
557 2669 704 2728 tribuitur
727 2670 831 2744 aetati,
849 2678 1004 2749 'nusquam
1032 2682 1081 2733 est

129 2777 273 2830 senectus
294 2765 478 2826 honoratior.
522 2765 605 2837 Quin
626 2766 721 2826 etiam
744 2767 910 2826 memoriae
925 2767 1127 2846 proditum25

159 2926 303 2973 lceuias-
315 2924 383 2984 ciaet]
444 2925 468 2970 A
490 2925 591 2972 relative
651 2925 686 2972 12.
701 2925 832 2972 concartau
857 2924 900 2986 sit]
932 2927 955 2972 A
981 2929 1082 3009 relative

129 2997 220 3051 clause,
241 2997 386 3054 expresslug
371 2994 444 3040 the
461 3007 549 3040 reason
565 2993 595 3040 oi
620 2995 703 3042 clause
713 2997 743 3042 of
753 2996 840 3042 result.

128 3065 182 3112 iure
197 3065 298 3125 φωνὴ,-
321 3064 399 3110 hence
416 3064 458 3110 the
474 3064 590 3121 eubJ'unc·
650 3066 685 3111 14.
700 3065 846 3127 defenderet]
873 3067 978 3114 Wbteh
987 3066 1082 3116 needed

128 3135 187 3181 tire.
619 3147 669 3193 any
686 3136 804 3182 delence’
839 3137 892 3184 The
916 3139 1082 3196 imperfectis

158 3204 179 3250 2.
198 3205 273 3256 Quem
288 3202 380 3262 virum]
411 3202 590 3249 Predlcateec-
619 3203 678 3250 here
690 3205 751 3250 used
761 3206 822 3250 with
832 3205 885 3251 diei
900 3208 934 3264 by
942 3210 1081 3254 attraction.
1120 3216 1121 3219 ’

129 3276 238 3321 cusatire
264 3273 328 3319 aster
354 3287 404 3318 esse
430 3271 589 3330 understood,
618 3273 721 3332 -eem]
748 3274 980 3333 Asasubstanrive,
991 3277 1011 3321 is
1020 3277 1082 3324 used

129 3343 270 3400 depending
279 3354 312 3388 on
321 3341 436 3387 vidimus.
619 3341 766 3399 principully
778 3343 810 3398 by
821 3343 864 3388 the
874 3350 952 3400 pects.

158 3413 179 3458 6.
195 3411 247 3458 iam
264 3411 331 3473 ante]
372 3411 402 3456 In
423 3409 523 3467 chapter
542 3409 590 3464 lut
647 3409 684 3454 20.
700 3415 727 3454 at
743 3411 1004 3470 quaeque—morata]
1035 3412 1081 3456 ‘In

129 3492 163 3528 se.
174 3479 235 3526 dixi.
619 3477 870 3536 proportionaseach
883 3479 967 3536 (state)
979 3481 1000 3523 is
1016 3483 1082 3524 most

157 3549 180 3599 7.
196 3547 325 3608 bonoratc]
356 3545 555 3593 WIththeIerce
567 3545 596 3590 ol
621 3546 748 3591 advanced
759 3547 785 3591 ln
795 3547 940 3604 manners3’
954 3547 1082 3592 moratels

128 3619 303 3666 aceeditienal
311 3619 406 3673 clause;
418 3613 593 3662 ‘ifhenored.'
621 3625 638 3660 a
646 3613 770 3672 predicate
780 3613 909 3672 eeljectire.
