2492 3900
140 247 180 310 68
249 279 256 286 ·
430 249 462 300 P·
487 245 611 300 OVIDII
633 244 793 299 NASONIS
957 241 1094 310 [tossen

140 423 220 485 Visa
233 433 288 486 tua
302 433 351 487 est
365 425 461 486 oculis
475 423 538 486 illio
553 423 741 504 Proserplnu
754 423 885 484 nostris:
1033 419 1094 482 165

141 521 200 581 Illa
213 522 339 601 quidem
353 523 460 596 tristis,
474 542 574 602 neque
589 521 691 582 adhuc
703 521 844 581 interrita
857 520 954 594 vultu,

143 619 205 678 Sed
220 618 326 698 regina
340 628 453 691 tamen,
468 619 520 679 sed
539 618 626 698 opaci
640 618 774 678 maxima
788 617 904 690 mundi,

144 715 207 775 Sed
222 725 325 775 tumen
341 716 450 774 inferni
465 717 584 795 pollens
600 713 908 794 mat1·0nutyrunni.”

141 811 246 872 Mater
260 813 299 872 ad
314 812 436 872 auditas
451 813 570 892 stupuit
585 833 641 873 ceu
656 833 749 872 saxea
762 832 866 885 voces,

141 909 369 988 Attonitaeque
384 909 437 968 diu
452 909 559 968 similis
574 909 642 968 fnit.
683 907 791 988 thue
806 908 913 967 dolore
1036 906 1093 965 170

142 1003 238 1062 Pulsa
250 1003 337 1083 gravi
351 1003 455 1082 gravis
471 1013 519 1063 est
534 1003 679 1076 arnensis,
692 1003 829 1063 curribus
844 1021 934 1062 auras

141 1098 217 1159 Exit
231 1099 263 1158 in
278 1098 443 1160 aetherias.'
480 1098 529 1159 Ibi
543 1107 612 1160 toto
626 1099 732 1159 nubila
744 1099 835 1159 vultu

140 1193 228 1254 Ante
242 1192 349 1254 Iovem
364 1193 463 1272 passis
477 1193 566 1253 stetit
580 1193 734 1253 invidiose
747 1192 885 1272 capillis:

141 1289 290 1370 “Proque
303 1310 374 1351 meo
388 1291 460 1350 veni
474 1291 605 1369 supplex
619 1290 686 1364 tibi,
699 1289 867 1370 Iuppiter,’'
880 1288 990 1369 inquit,

141 1393 159 1424 “
170 1386 335 1468 Sanguine,
349 1407 465 1468 proque
480 1396 544 1448 tuo.
587 1387 621 1447 Si
635 1388 720 1446 nulla
734 1397 782 1447 est
794 1387 895 1466 gratia
908 1385 1024 1460 matris,
1035 1383 1092 1445 175

141 1483 227 1546 Nata
240 1495 361 1564 patrem
375 1493 508 1558 moveat,
523 1503 584 1542 neu
598 1483 639 1544 sit
652 1484 708 1544 tibi
723 1503 803 1557 cura,
817 1502 985 1562 precamur,
1101 1481 1105 1489 '

141 1579 243 1640 Vilior
255 1581 345 1654 illius,
360 1580 442 1660 quod
456 1591 563 1640 nostro
577 1590 623 1640 est
638 1580 722 1641 edita
735 1590 835 1660 partu.

141 1676 190 1736 En
208 1678 345 1757 quaesite
360 1678 413 1736 din
427 1677 553 1737 tandem
570 1677 645 1736 mihi
660 1688 734 1738 nata
748 1685 869 1756 reperta
882 1685 947 1736 est:

143 1774 177 1833 Si
190 1774 321 1853 reperire
335 1793 429 1835 vocas
444 1774 585 1834 amittere
601 1775 722 1847 certius,
737 1784 791 1842 eut
805 1774 832 1833 si

143 1869 236 1944 Scire,
247 1870 299 1930 ubi
313 1871 361 1944 sit,
372 1871 504 1950 reperire
518 1891 620 1931 vocas.
649 1871 741 1942 Quod
757 1880 854 1951 repta,
868 1870 1018 1930 feremus:
1034 1868 1092 1928 180

141 1967 322 2032 Dummodo
337 1969 448 2028 reddat
463 1988 548 2029 earn:
569 1988 669 2048 neque
684 1968 767 2029 enim
782 1970 936 2048 praedone
949 1967 1061 2028 marito

142 2064 223 2125 Filia
237 2065 331 2146 digna
345 2076 400 2126 tua
414 2075 472 2140 est,
486 2066 511 2125 si
525 2066 586 2125 iam
602 2085 672 2126 mee
685 2065 749 2126 filia
762 2086 826 2125 non
840 2064 914 2126 est.”

142 2159 284 2241 Iuppiter
297 2163 418 2242 excepit
432 2170 449 2200 “
459 2163 635 2223 'Commune
649 2173 695 2222 est
709 2162 822 2242 pignus
836 2181 975 2242 onusque

142 2257 229 2317 Nata
243 2258 318 2318 mihi
332 2268 453 2321 tecum:
476 2260 532 2321 sed
546 2260 571 2319 'si
585 2260 680 2319 modo
695 2258 821 2319 nomina
834 2258 926 2319 rebus

141 2355 270 2415 Addere
280 2375 357 2415 ,vera
371 2356 481 2436 placet,
494 2376 557 2417 non
572 2358 632 2417 hoc
645 2356 756 2417 iniuria
769 2357 894 2429 fuctum,
1036 2353 1101 2415 187·

140 2451 261 2512 Verum
276 2472 361 2512 amor
375 2463 439 2513 est:
459 2474 559 2534 neque
574 2454 632 2514 erit
647 2454 736 2514 uobis
750 2473 846 2533 gener
859 2454 910 2513 ille
924 2452 1044 2533 pudori,

140 2548 190 2608 Tu
205 2549 307 2624 modu,
322 2550 403 2624 diva,
417 2550 502 2610 velis.
544 2550 592 2612 Ut
606 2551 710 2611 desint
723 2561 834 2625 cetera,
848 2562 998 2632 qnantum
1012 2556 1061 2610 est

161 2708 219 2757 ³167.
235 2708 353 2769 madmu]
385 2710 424 2756 Sc.
439 2709 531 2769 reqinu.
633 2709 725 2755 lsused
736 2710 815 2756 astho
833 2710 925 2755 second
940 2709 1094 2763 accusetiv03

170 2778 220 2824 169.
236 2780 371 2839 caesarea]
399 2782 449 2825 ‘As
461 2780 483 2824 11
490 2779 600 2827 osrock.'
634 2769 670 2824 ‘is
683 2791 734 2835 you
745 2778 792 2823 call
808 2778 826 2822 it
841 2776 1019 2832 finding;'but
1033 2776 1096 2822 scire

170 2846 220 2895 172.
236 2847 467 2906 totonubiluvultu]
495 2848 603 2893 ‘Withn
632 2847 843 2893 standsasdirect
857 2846 946 2903 object,
958 2845 1008 2891 like
1023 2844 1095 2891 amis

139 2916 223 2973 gloonr
249 2927 308 2961 over
331 2916 377 2961 her
398 2917 479 2962 whole
504 2922 603 2963 counte-
632 2921 689 2963 tere.

140 2983 235 3031 nance!
663 2987 713 3031 180.
728 2986 812 3046 rapta]
844 2986 883 3031 Sc.
894 2990 929 3032 ert
939 2983 1035 3045 orsm't.
1078 3018 1082 3022 -

171 3052 220 3101 173.
236 3052 369 3113 invidiosa]
401 3054 467 3099 Here
484 3056 561 3101 active
577 3056 603 3102 in
663 3054 712 3099 182.
727 3054 889 3113 dique-est]
926 3051 1095 3108 ‘Deserves3'

141 3132 226 3176 sense;
239 3121 301 3167 ‘full
312 3122 341 3167 of
354 3122 509 3179 indignatlon
517 3122 538 3177 ;'
553 3123 569 3168 1.
581 3136 602 3170 c.
631 3123 689 3167 with
700 3137 748 3167 non
757 3127 792 3167 est
802 3128 885 3179 repeat
895 3122 978 3183 dique.

142 3191 239 3249 against
249 3191 332 3237 Pluto.
663 3191 712 3240 187.
733 3192 769 3237 Tu
779 3190 962 3251 modo-celis]
994 3190 1036 3236 ‘It'
1046 3205 1095 3251 you

170 3261 220 3309 177.
235 3259 314 3320 illius]
346 3260 399 3307 The
411 3260 603 3319 objectivegcnl-
632 3261 683 3305 will
704 3261 765 3317 only
786 3261 983 3307 eonsent.’-Ut
1002 3260 1093 3320 desim]

139 3330 190 3376 tive
205 3333 267 3376 efter
281 3324 349 3386 curci,
366 3342 393 3376 us
409 3330 504 3386 matris,
516 3344 540 3375 v.
553 3332 601 3379 175.
637 3330 667 3375 Ut
691 3331 760 3376 takes
785 3332 827 3376 the
852 3332 968 3388 meaning
992 3331 1022 3377 οἰ
1045 3330 1095 3376 ‘sl-

139 3400 240 3459 -quod
245 3422 275 3432 -
277 3400 364 3461 partu]
388 3400 511 3446 ‘Because
521 3400 602 3457 Igsvs
633 3400 728 3457 though
738 3400 743 3419 '
754 3400 817 3445 from
825 3401 953 3457 primerily
960 3399 1096 3457 signifying

140 3469 277 3515 herhirth.’
630 3466 1095 3525 ‘evenifwesupposetheeusethut3’

170 3535 220 3586 179.
234 3537 358 3598 reperire]
391 3537 423 3585 In
438 3536 499 3583 hoth
518 3548 600 3584 verses
630 3537 672 3584 the
682 3537 837 3594 subjunctive
847 3539 867 3584 is
877 3551 924 3585 one
933 3539 963 3585 of
973 3538 1058 3586 result.
