2492 3900
212 233 314 286 CATO
340 234 470 296 MAIOR,
495 234 582 286 swn
605 234 656 285 mi
680 232 908 286 sunnonem.
975 234 1035 295 223

80 410 196 471 suaderi
215 412 479 491 potuit,unimos,
494 412 569 472 dum
588 411 620 471 in
642 412 820 492 corporibus
842 422 946 474 essent
959 430 1037 472 mor·

78 508 195 583 talibus,
220 509 343 585 vivere,
365 532 435 571 cum
456 510 592 569 exissent
613 530 652 567 ex
673 510 727 584 eis,
748 511 852 585 emori,
873 532 931 571 nee
952 531 1035 584 vero,

78 612 141 663 tum
165 607 310 665 animum
335 628 400 666 esse
420 606 629 685 insipientem,
652 627 722 667 cum
746 627 784 666 ex
803 606 959 686 insipienti
974 628 1036 666 cor·
1107 614 1110 616 ’

77 718 146 778 pore
161 701 336 777 evasissem
357 702 420 776 sed,
430 722 500 761 cnm
513 702 598 761 omni
609 702 800 767 admixtione
815 703 950 783 corporis
964 704 1037 762 libe·

76 806 157 855 ratus
178 817 280 876 pnrns
295 809 329 859 et
343 799 465 877 integer
484 818 549 857 esse
571 797 731 877 coepisset,
744 808 813 858 tum
834 820 899 859 esse
920 799 1037 879 sapien·
1065 793 1084 856 5

76 899 145 951 tem.
186 893 304 972 Atque
327 894 430 967 etiarn,
444 914 515 953 eum
534 892 668 953 hominis
691 906 802 953 natura
816 904 915 954 morte
930 894 1037 955 dissol-

15 1022 17 1029 ·
75 986 164 1063 vitun,
189 1000 370 1049 ceterarum
385 1010 497 1063 rernm,
521 988 717 1069 perspicuum
738 1000 794 1065 est,
820 1011 881 1070 qno
896 1011 1037 1070 quaeque

76 1083 238 1147 discedant
250 1090 401 1163 rubeant
423 1087 505 1147 enim
530 1086 634 1147 omnia
654 1086 736 1161 illuc,
750 1088 832 1146 unde
854 1099 923 1147 orta
946 1099 1036 1162 sunt3

75 1181 194 1243 animus
208 1204 291 1246 vero
301 1185 385 1246 solus
398 1204 465 1259 nec,
479 1204 550 1244 enm
564 1183 663 1259 adest,
673 1205 739 1258 nec,
750 1205 821 1247 curn
831 1184 973 1258 discedit,
984 1184 1037 1243 ad·

75 1290 170 1357 peret.
215 1280 290 1342 Iam
312 1302 387 1342 vero
411 1280 536 1355 videtis,
551 1280 628 1340 nihil
651 1301 718 1340 esse
740 1280 834 1341 morti
857 1290 924 1341 tam
938 1281 1036 1341 simile
1047 1274 1085 1333 10

76 1392 168 1452 quam
193 1397 353 1437 somnum.
394 1376 442 1439 81.
462 1375 564 1455 Atqui
587 1376 808 1436 dormientium
829 1375 924 1437 animi
944 1375 1038 1435 maxi·

75 1488 123 1531 me
137 1471 307 1533 declarant
329 1472 526 1533 divinitatem
548 1493 656 1548 euam3
679 1474 777 1532 multa
798 1472 893 1547 enim,
907 1494 977 1533 cnm
991 1494 1037 1533 re·

75 1567 161 1629 missi
176 1580 211 1631 et
222 1570 314 1631 liberi
328 1581 412 1646 sunt,
424 1572 528 1629 futura
537 1570 737 1651 prospiciunt.
777 1569 827 1629 Ex
842 1591 904 1651 quo
917 1570 1036 1631 intelle-

76 1664 167 1742 gitur,
184 1669 295 1747 quales
314 1666 409 1726 futuri
430 1667 501 1741 sint,
516 1688 587 1727 cum
601 1688 634 1726 se
648 1668 738 1747 plane
753 1668 890 1747 corporis
906 1669 1037 1729 vinculis

76 1762 298 1825 relaxaverint.
344 1764 414 1835 Qui
428 1785 469 1838 re,
483 1764 510 1823 si
524 1765 600 1823 haec
614 1764 659 1823 ita
679 1776 761 1839 sunt,
775 1766 821 1825 sic
837 1787 887 1825 me
901 1768 1036 1841 colitote,
1047 1770 1086 1829 15

77 1855 187 1937 inquit,
214 1862 384 1921 utdeum:
405 1861 453 1921 sin
476 1872 538 1920 una
561 1870 608 1921 est
630 1861 811 1922 interiturus
832 1865 952 1923 animus
966 1886 1037 1924 enm

79 1975 216 2037 corpore,
243 1980 299 2020 vos
327 1969 433 2020 tamen
458 1958 534 2017 deos
558 1940 712 2034 v'erentes,
734 1960 788 2040 qui
811 1961 892 2020 hano
913 1983 1037 2022 omnem

78 2055 346 2130 pulchritudinem
359 2065 487 2114 tuentur
501 2064 533 2116 et
546 2065 668 2133 regunt,
683 2057 863 2117 memoriam
876 2059 973 2117 nostri
986 2058 1039 2138 pie

78 2147 290 2237 inviolateque
305 2150 496 2214 servabitis.’²
539 2152 639 2230 Cyrus
653 2152 779 2232 quidem
798 2153 876 2214 haec
895 2154 1039 2214 moriens.
1126 2221 1136 2240 ‘

78 2244 158 2323 Nos,
173 2252 203 2312 si
217 2251 328 2330 placet,
348 2259 457 2308 nostra
469 2247 640 2309 videamus.
1046 2251 1085 2311 2⁰

119 2343 251 2408 XXIII.
274 2349 320 2407 82.
342 2345 448 2406 Nemo
469 2345 546 2405 mihi
569 2366 725 2426 umquam,
744 2345 859 2426 Scipio,
877 2348 1039 2428 persuade-

79 2439 127 2503 bit
150 2455 206 2505 aut
226 2456 347 2524 patrem
361 2453 452 2504 tuum
466 2443 620 2518 Paullum,
635 2453 689 2503 aut
702 2444 781 2503 duos
798 2465 881 2518 avos,
894 2445 1039 2504 Paullum

82 2545 115 2596 et
135 2539 327 2613 Africanum,
352 2547 407 2598 aut
430 2537 571 2597 Africani
595 2546 716 2616 patrem
740 2547 794 2598 aut
815 2548 961 2616 patruum
984 2548 1038 2597 aut

82 2629 200 2698 multos
214 2645 406 2715 praestantes
428 2635 519 2708 viros,
534 2655 611 2716 quos
633 2654 811 2695 enumerare
834 2654 896 2692 non
919 2643 966 2694 est
986 2655 1038 2694 ne·
1099 2631 1101 2637 ’

85 2749 180 2807 cesse,
200 2743 288 2792 tanta
312 2752 380 2792 esse
402 2743 530 2792 conatos
552 2751 632 2811 quae
652 2732 693 2791 ad
716 2730 908 2810 posteritatis
927 2741 1084 2802 memo-25

116 2891 137 2938 1.
152 2892 340 2953 dum-essent]
371 2893 419 2939 We
434 2894 506 2948 have,
523 2893 549 2938 in
578 2892 620 2938 the
639 2892 780 2950 imperative
797 2895 922 2945 cenatote,
942 2895 969 2937 to
993 2904 1038 2938 ex-

87 2958 383 3020 line12,pnge222,dum
393 2978 468 3009 eram
499 2963 548 3008 Ob-
577 2973 647 3018 prese
657 2962 699 3016 the
709 2961 834 3006 confident
848 2962 1004 3016 expectation
1013 2961 1043 3007 of

88 3038 157 3078 serve
168 3033 209 3076 tire
220 3032 351 3078 difference
363 3034 387 3077 in
399 3033 495 3078 moods.
578 3031 620 3077 the
632 3030 800 3076 iuliilmeutot'
806 3030 938 3076 theaet-
948 3031 1037 3092 Cym]

116 3100 138 3144 3.
153 3100 288 3160 imzpienti]
321 3102 401 3147 ‘Void
411 3101 534 3148 ostense!
578 3100 617 3146 Sc.
628 3100 697 3146 dixit.

116 3169 137 3214 4.
152 3169 203 3226 sed]
235 3169 548 3228 ersmttipersuasamen.
607 3169 644 3216 23.
658 3169 787 3233 patruum]
843 3169 904 3216 This
923 3182 974 3215 was
992 3170 1038 3216 Cn.

116 3238 138 3288 7.
152 3243 285 3284 ceterorum
303 3239 396 3299 rerum]
427 3240 548 3296 Genitive,
578 3238 667 3295 Scipio,
684 3241 742 3285 who
757 3251 807 3284 was
824 3238 901 3284 killed
917 3239 944 3284 in
964 3239 1039 3296 Spain

89 3304 227 3365 depending
237 3321 304 3364 npon
320 3322 432 3366 quaeque.
577 3309 606 3354 B.
618 3309 645 3354 C.
657 3308 707 3354 211.
971 3367 975 3372 ι

85 3420 87 3426 .
118 3377 152 3426 17.
165 3376 549 3436 Ιιαηο-ραὶοὴνὶιαᾶἱηωηΓΔΗ
607 3376 643 3420 25.
659 3376 825 3436 esseconutos]
865 3377 896 3422 In
907 3377 949 3423 the
960 3376 1039 3423 oratio

89 3447 136 3492 this
152 3447 273 3492 beautiful
285 3445 380 3492 world!
577 3443 672 3502 obliquo
682 3446 830 3491 conditional
843 3449 970 3490 sentences
985 3457 1039 3500 reg·

118 3516 153 3562 19.
170 3513 309 3573 senatun]
357 3512 410 3558 The
419 3513 501 3558 tuturo
511 3513 550 3560 ior
578 3514 662 3570 ulariy·
676 3514 770 3572 change
786 3516 829 3562 the
845 3515 973 3572 imperfect
988 3513 1040 3559 sud
