2492 3900
293 261 509 313 munnam
532 261 652 315 manni
675 257 787 314 mann
809 261 860 316 iv.
989 266 1046 329 117

93 439 169 515 sole,
183 447 326 500 contecta
338 446 396 512 est,
415 436 567 518 multique
586 439 696 514 fontes,
717 437 857 501 dulcibus
878 440 965 521 aquis
982 459 1047 521 pas·

94 539 153 598 sim
167 535 373 608 manantibus,
388 535 474 594 alunt
488 535 589 595 silvas.
631 536 717 596 Caeli
737 537 956 617 quoque'mira
970 548 1047 598 tem·
1079 539 1081 544 '

97 634 203 712 peries,
218 652 312 692 verno
327 632 427 710 tepori
441 631 575 691 maxime
589 631 706 706 similis,
720 653 827 694 omues
849 635 921 694 anni
942 646 1045 714 partes

96 731 162 810 pari
187 729 374 804 salubritate
409 728 565 806 percurrit.
626 727 751 790 Incolae
793 731 936 805 nemoris,
970 751 1046 811 quos

98 825 301 887 Hammonios
327 834 450 897 vocant,
474 824 619 902 dispersis
648 826 779 904 tuguriis
804 827 965 888 habitant:
987 849 1047 888 me-
1076 829 1094 888 5

96 926 182 984 dium
210 942 317 983 nemus
340 941 397 1001 pro
421 941 490 980 arce
513 921 639 994 habent,
667 922 780 1001 triplici
804 944 893 984 muro
920 926 1047 985 circum-

95 1021 213 1080 datum.
254 1018 358 1078 Prima
381 1017 513 1077 munitio
536 1027 739 1095 tyrannorum
764 1030 901 1079 veterem
928 1022 1044 1101 regiam

95 1117 224 1176 clausit:
244 1116 276 1176 in
290 1114 430 1193 proxima
449 1113 596 1192 coniuges
610 1132 718 1172 sorum
732 1133 803 1174 cum
821 1115 923 1176 liberis
938 1128 971 1177 et
984 1119 1046 1196 pel-

94 1213 204 1274 licibus
217 1212 377 1271 habitant:
397 1209 448 1269 hio
462 1228 584 1288 quoque
605 1209 657 1269 dei
678 1211 838 1271 oraculum
850 1222 916 1272 est:
938 1214 1047 1274 ultima

95 1309 289 1370 munimenta
303 1307 473 1368 satellitum
487 1306 768 1387 armigerorumque
782 1308 872 1369 sedes
886 1321 983 1370 erant.
1056 1308 1094 1368 10

135 1406 195 1466 VI.
216 1404 276 1465 Est
290 1416 322 1465 et
337 1404 419 1463 alind
436 1403 620 1490 Hammonis
641 1423 768 1472 nemus:
789 1405 820 1465 in
836 1407 938 1466 medio
952 1407 1046 1468 habet

93 1503 222 1576 fontem,
246 1521 337 1583 quem
363 1500 445 1560 Solis
469 1519 580 1579 aquarn
605 1510 737 1560 vocant:
760 1502 817 1561 sub
839 1503 916 1563 lucis
944 1514 1046 1563 ortum

93 1599 202 1680 tepida
226 1608 339 1672 manat,
362 1596 467 1656 medio
492 1596 551 1669 die,
575 1595 662 1655 cuins
686 1598 973 1660 vehementissimus
997 1610 1045 1660 est

95 1698 185 1768 calor,
208 1696 320 1775 frigida
340 1694 447 1754 eadem
469 1692 545 1765 fluit,
565 1691 713 1754 inclinato
734 1695 766 1755 in
786 1715 947 1776 vesperam
972 1699 1046 1758 cale·
1134 1703 1141 1710 ”

94 1795 163 1869 scit,
173 1793 275 1853 media
284 1803 375 1852 nocte
385 1790 505 1850 fervida
514 1800 694 1850 exaestuat:
717 1811 838 1872 quoque
849 1814 910 1854 nox
921 1793 1046 1873 propius
1056 1788 1093 1848 15

67 1893 72 1898 ’
94 1891 196 1972 vergit
210 1891 248 1950 ad
263 1890 372 1964 lucem,
387 1888 518 1946 multum
540 1905 579 1944 ex
599 1897 752 1950 nocturno
772 1891 872 1951 calore
887 1890 1046 1964 decrescit,

96 1989 197 2049 donec
210 1988 267 2048 sub
281 1987 382 2065 ipsum
396 1984 458 2043 diei
472 1993 574 2043 ortum
590 1984 719 2046 adsueto
734 1997 841 2066 tepore
857 1989 1045 2068 languescat.

94 2084 143 2159 Id,
156 2085 238 2164 quod
260 2104 315 2163 pro
337 2083 396 2142 deo
421 2080 540 2154 colitur,
559 2101 620 2140 non
643 2084 773 2143 eandem
796 2085 928 2165 effigiem
944 2086 1046 2161 habet,

95 2202 187 2262 qnam
203 2182 296 2261 vulgo
310 2180 376 2240 deis
391 2177 522 2238 artifices
543 2178 878 2242 adcommodaverunt:
901 2183 1045 2243 umbilico

93 2279 228 2338 maxime
242 2277 349 2337 similis
362 2285 410 2336 est
422 2273 555 2347 habitus,
570 2277 735 2355 smaragdo
756 2287 788 2337 et
808 2278 939 2357 gemmis
955 2299 1045 2359 coag-
1054 2287 1093 2346 20

95 2384 260 2436 mentatus.
315 2373 417 2446 Hunc,
448 2390 518 2430 cum
551 2390 734 2449 responsum
765 2373 890 2453 petitur,
921 2375 1045 2455 navigio

95 2482 204 2533 aurato
224 2479 348 2552 gestant
368 2467 552 2540 sacerdotes,
572 2468 679 2529 multis
700 2469 854 2549 argenteis
870 2471 985 2549 pateris
1005 2471 1044 2531 ab

123 2632 146 2678 3.
161 2645 233 2677 semo
248 2630 334 2689 repon]
366 2628 416 2675 ‘To
431 2626 554 2684 theiltal-
583 2625 696 2673 fountaiu
713 2627 734 2673 is
751 2628 891 2675 mentioned
912 2629 946 2685 by
962 2628 1044 2687 Pliny,
1108 2676 1111 2683 ,

9 2753 10 2756 ¹
95 2700 148 2757 lau)
158 2700 255 2745 climate
266 2701 290 2744 in
305 2699 347 2744 the
362 2697 554 2755 spnng.’-om·
584 2694 736 2751 Pomponius
750 2696 826 2751 Mela,
842 2694 917 2741 Silius
933 2696 1044 2755 Italicus,

94 2784 171 2815 nea·
174 2767 304 2827 paeanii]
312 2772 318 2793 ¹
326 2767 440 2813 Extende
445 2764 554 2822 through
583 2761 657 2818 Ovid,
668 2764 718 2808 and
728 2763 863 2808 Lueretius.

95 2838 137 2883 the
147 2838 228 2883 whole
242 2836 318 2893 year!
396 2829 398 2832 ’
614 2831 641 2877 18
666 2832 786 2891 Id,qnod]
818 2833 870 2878 The
881 2832 971 2879 author
981 2834 1044 2879 hesi·

124 2906 146 2951 6.
161 2904 266 2949 medinm
273 2902 365 2962 mmm]
379 2903 519 2956 According
529 2905 554 2947 to
583 2902 645 2945 tates
656 2906 681 2945 to
692 2902 760 2947 write
771 2900 862 2946 dessein
877 2914 1044 2959 consequence

96 2972 228 3027 Diodorus,
242 2972 291 3016 this
300 2985 350 3017 was
360 2985 391 3017 an
402 2972 531 3028 acropolis.
584 2970 614 3013 of
620 2970 662 3015 the
674 2960 733 3015 rn'de
745 2970 807 3015 form
819 2972 848 3016 ol'
855 2971 896 3017 tlrc
907 2973 994 3027 imaue.

123 3042 145 3090 7.
161 3040 250 3086 Prima
274 3039 387 3098 munitio]
429 3039 499 3087 ‘The
518 3041 554 3085 in-
614 3039 649 3084 19.
665 3039 744 3099 ττιὶςο]
776 3041 793 3085 i.
810 3053 831 3085 e.
852 3041 884 3097 by
905 3041 946 3087 the
963 3042 1044 3087 Greek

95 3111 168 3156 terior
178 3114 234 3167 part
243 3110 273 3155 of
281 3111 323 3157 the
334 3110 451 3156 fortress.’
584 3109 632 3153 and
658 3109 756 3154 Roman
782 3111 873 3155 artists.
881 3132 910 3143 —
920 3110 1041 3171 rembilico]

124 3180 159 3225 14.
175 3179 301 3238 inclinato]
333 3180 372 3226 Sc.
384 3179 431 3227 dis.
583 3177 725 3224 Wilklnson
736 3190 807 3235 says:
820 3181 907 3225 ‘Some
918 3180 946 3225 oi
954 3180 995 3226 tlte
1006 3193 1043 3226 sa·

123 3248 158 3294 15.
174 3262 265 3308 qaoque
273 3248 419 3307 -propius]
487 3248 555 3295 ‘Tne
584 3248 642 3293 cred
652 3251 720 3293 nouas
731 3250 860 3294 contained
871 3249 912 3293 the
924 3250 1043 3295 emblems

93 3316 209 3371 nearer;'
225 3332 312 3376 qrquc
325 3320 399 3375 being
413 3318 485 3374 equal
495 3324 522 3362 to
532 3323 555 3363 et
583 3316 613 3361 ol
626 3316 679 3363 Life
690 3318 739 3361 and
751 3317 881 3374 Stability!
897 3317 935 3373 By
946 3317 1043 3363 umbili-

94 3400 155 3445 quo,·
171 3387 186 3433 l.
198 3398 219 3432 e.
230 3385 272 3431 the
290 3399 376 3433 nearer
393 3386 435 3431 tire
453 3388 553 3443 dayap
583 3399 625 3430 cus
642 3397 693 3431 was
711 3386 830 3443 pronunly
850 3393 934 3432 meant
953 3386 1039 3432 oneof

93 3456 221 3514 precones,
239 3457 281 3502 tlre
300 3468 369 3502 more
384 3456 427 3501 tlre
446 3456 504 3502 hcat
518 3457 554 3501 in·
583 3454 661 3509 those,
674 3456 767 3501 conical
778 3456 803 3501 in
814 3457 898 3513 shupe.

93 3537 196 3572 creares.
280 3526 288 3542 ‘
611 3524 648 3571 20.
664 3524 770 3583 nuditus]
793 3525 844 3570 ‘Its
855 3523 1042 3583 formJ-yem·

123 3594 158 3645 17.
174 3593 324 3656 lanpnescat]
336 3593 484 3641 ‘Sutrinos’
494 3594 554 3641 This
583 3594 641 3655 mia]
672 3595 711 3641 Sc.
723 3593 812 3641 ‘aliia'
