2492 3900
123 249 233 318 4e-et.]
304 250 669 304 METAMORPHOSEON
691 251 803 304 LIBER
824 252 861 302 X.
1043 251 1083 311 95

123 427 337 488 Eumenidum
346 428 502 488 maduisse
515 448 621 508 genus.
663 428 733 489 Neo
746 428 832 508 regia
847 427 981 489 coniunx

124 521 266 582 Sustinet
280 523 388 596 oranti,
402 543 460 583 nee
474 523 526 602 qui
540 523 620 602 regit
633 523 705 596 ima,
718 543 850 602 negare:

122 619 363 699 Eurydicenque
377 630 500 679 vocant.
541 619 679 681 Umbras
694 631 760 680 erat
775 620 828 679 illa
841 630 980 681 recentes

121 713 221 790 Inter,
234 725 267 776 et
280 715 405 775 incessit
418 735 512 795 passu
526 716 566 774 de
581 717 709 776 vulnere
723 716 822 776 tardo

122 811 217 872 Hanc
230 812 321 872 simul
335 822 367 872 et
381 812 483 891 legem
497 812 701 891 Rhodopeius
717 812 828 894 accipit
842 813 942 888 heros,
1039 813 1078 876 50

121 908 175 969 Ne
189 909 295 969 flectat
310 921 391 968 retro
405 929 462 968 sua
476 908 602 983 lumina,
615 909 717 969 donec
732 908 876 970 Avernas

121 1003 244 1065 Exierit
258 1006 371 1065 valles:
393 1014 447 1065 aut
461 1005 553 1064 inrita
566 1006 652 1065 dona
666 1006 777 1066 futura.

163 1101 294 1183 Capitur
307 1101 435 1162 adclivis
447 1121 503 1181 per
517 1111 603 1161 muta
617 1102 739 1162 silentia
753 1111 882 1178 trames,

119 1198 260 1273 Arduus,
274 1199 429 1271 obscurus,
444 1197 574 1277 caligine
588 1199 703 1258 densus
717 1211 830 1278 opaca:

119 1294 193 1356 Nec
207 1296 313 1374 procul
327 1296 471 1354 afuerunt
484 1295 602 1354 telluris
617 1295 756 1374 margine
771 1316 919 1376 summae.
1038 1298 1077 1358 55

120 1392 194 1468 Hic,
208 1413 248 1452 ne
262 1392 417 1465 deficeret,
430 1403 580 1465 metuens,
596 1393 767 1473 avidusque
784 1393 919 1467 videndi,

119 1488 228 1550 Flexit
243 1509 349 1549 amans
363 1489 486 1549 oculos:
507 1498 540 1549 et
555 1489 695 1568 protinus
710 1489 762 1548 illa
776 1488 894 1568 relapsa
908 1499 957 1550 est

119 1586 333 1667 Bracchiaque
347 1587 512 1646 intendens
528 1575 748 1666 prendique'et
761 1585 910 1666 prendere
926 1597 1053 1666 captans

118 1683 177 1744 Nil
193 1683 250 1743 nisi
265 1684 411 1744 cedentes
425 1683 533 1743 infelix
549 1684 657 1762 arripit
673 1703 770 1742 auras.

118 1779 250 1860 Iamque
261 1781 372 1840 iterum
384 1781 518 1840 moriens
527 1801 587 1840 nou
600 1789 648 1839 est
659 1780 698 1838 de
711 1779 841 1858 coniuge
853 1779 1015 1858 quicquam
1037 1782 1075 1839 60

119 1879 241 1951 Questa
255 1897 327 1938 suo:
348 1877 424 1958 quid
440 1878 522 1938 enim
536 1878 594 1937 nisi
609 1897 642 1937 se
658 1888 837 1957 quereretur
852 1877 1010 1936 amatam?

120 1974 369 2056 Supremumque
384 1976 460 2049 vale,
476 1976 558 2056 quod
574 1975 636 2035 iam
652 1975 703 2033 vix
719 1974 842 2033 auribus
857 1974 908 2034 ille

117 2072 293 2151 Acciperet,
307 2071 396 2145 dixit,
411 2073 611 2152 revolutaque
627 2090 731 2130 rursus
747 2069 858 2129 eodem
875 2079 932 2130 est

159 2168 236 2227 Non
251 2168 341 2228 aliter
354 2167 473 2246 stupuit
486 2167 611 2246 gemina
624 2186 702 2226 nece
714 2156 856 2245 ‘coniugis
872 2166 1024 2245 Orpheus,

119 2263 225 2337 Quum
239 2265 299 2324 tria
313 2263 365 2344 qui
379 2263 517 2338 timidus,
532 2263 635 2323 medio
650 2273 794 2343 portante
810 2274 943 2339 catenas,
1036 2264 1074 2325 65

118 2423 259 2480 eompelled
283 2427 309 2468 to
327 2423 375 2468 roll
399 2435 433 2479 up
456 2422 510 2478 hill,
531 2421 582 2468 and
640 2422 678 2468 52.
694 2421 797 2482 Eximit]
834 2422 905 2467 With
925 2435 957 2468 an
976 2436 1075 2469 accusa-

118 2492 203 2537 which
223 2492 315 2547 always
333 2491 412 2537 rolled
429 2492 492 2537 buck
508 2492 582 2549 again
610 2491 669 2547 tire,
679 2492 699 2536 is
708 2490 888 2549 poetic-aut]
902 2490 968 2536 Here
978 2494 984 2517 ⁸
993 2491 1075 2537 other·

118 2573 147 2607 as
158 2574 221 2606 soon
229 2573 256 2605 as
267 2562 286 2605 it
295 2561 400 2606 reached
410 2562 451 2607 the
463 2567 514 2617 top.
611 2560 688 2607 wisc)
695 2558 828 2621 —sulura]
860 2560 898 2604 Sc.
907 2573 964 2616 esse,
973 2558 1035 2605 aiter
1043 2573 1075 2607 un

147 2632 185 2676 46.
202 2629 376 2688 Eumenidum]
408 2630 583 2686 heuphemls·
611 2629 714 2687 implied
725 2628 823 2675 verbum
834 2628 937 2673 dicendi

117 2701 152 2746 tle
163 2700 246 2745 Greek
256 2706 318 2744 term
321 2700 453 2757 ‚meaning
463 2700 583 2745 ‘benevo-
641 2699 678 2745 55
693 2698 821 2761 afuerunt]
854 2698 962 2745 Obserre
979 2698 1022 2745 the
1043 2699 1075 2745 lr-

118 2769 188 2826 lent,’
200 2770 239 2814 for
247 2768 390 2814 Funamcm
612 2769 711 2824 regular
721 2766 843 2823 quantity

146 2838 184 2886 47
200 2836 425 2893 Nec—autimi?
433 2837 483 2883 She
493 2842 583 2884 cannot
641 2837 677 2882 56.
692 2833 850 2893 nedeficeret]
877 2834 950 2880 Lcst
960 2836 1004 2883 she
1014 2836 1075 2897 (te

118 2906 177 2953 bear
194 2914 220 2952 to
234 2908 299 2964 ‹leny
312 2907 351 2952 his
370 2906 498 2965 request3’
521 2908 583 2953 with
612 2904 657 2950 her
667 2903 788 2961 strength)
800 2903 890 2949 should
901 2904 961 2949 full’

117 2976 202 3022 orante
212 2976 335 3033 supply
311 2991 343 3023 ει.
640 2973 677 3020 58.
693 2974 826 3033 traaucem]
859 2974 967 3031 Belongs
981 2975 1075 3033 tuille,

147 3045 184 3091 49.
200 3045 277 3105 Inter]
309 3045 346 3091 Its
355 3046 494 3104 positionis
508 3059 524 3091 a
538 3058 581 3103 po-
610 3044 653 3089 the
665 3056 778 3089 common
790 3044 884 3102 subject
894 3045 923 3090 of
934 3046 1030 3105 relapsa
1040 3051 1076 3093 eet

118 3115 190 3161 etlcal
202 3115 299 3162 license.
610 3114 660 3159 and
667 3114 896 3174 arripit-prendi]
907 3115 945 3172 By
953 3117 1075 3173 Orpheus.

147 3184 185 3230 61.
200 3184 238 3230 Ne
251 3184 348 3246 flectat]
389 3186 533 3243 Appositlve
556 3188 581 3230 to
639 3182 675 3229 61.
690 3184 810 3243 amatam]
827 3186 942 3242 Sc.esse;
957 3198 1075 3244 arrange:
1149 3211 1151 3217 ,

119 3252 202 3313 legem,
215 3254 293 3299 which
311 3255 369 3300 here
387 3255 494 3310 signiter
511 3259 582 3298 ‘cun·
611 3252 671 3312 quid
681 3252 744 3298 elsim
757 3260 900 3311 quereretur,
912 3259 958 3301 etc.

119 3321 495 3381 dition.'-Avernas-ealles]
529 3322 582 3367 The
640 3322 677 3369 62.
692 3322 753 3381 vale]
793 3326 833 3369 An
854 3325 999 3381 imperative
1013 3327 1076 3372 used

119 3389 287 3438 lowerworld.
308 3393 450 3438 NeurLake
458 3394 582 3445 Avernus,
613 3393 801 3450 substautivcly.

119 3471 135 3504 a
153 3473 256 3517 passage
271 3466 297 3507 to
312 3461 354 3507 the
364 3462 470 3507 infernal
486 3461 583 3519 regions
641 3461 678 3507 65.
697 3461 877 3522 Quam-qui]
927 3462 1019 3512 ‘Thau
1043 3464 1076 3511 he

120 3529 423 3588 wassuppoeedtoexist
612 3528 820 3589 whoJ-medio]
852 3530 969 3577 scroth.
