2492 3900
187 263 245 325 270
453 264 492 315 Μ.
516 265 641 317 ructu
665 263 859 346 cressonis

187 438 363 499 criminibus
379 450 433 500 aut
447 440 612 501 inferendis
635 442 804 502 delectetur
818 451 872 501 aut
887 440 994 501 credat
1008 440 1138 516 oblatis3

187 556 264 615 quae
280 537 436 615 pertinent
451 539 554 597 omnia
568 540 606 598 ad
622 559 701 612 eam,
715 538 879 617 quantiam
895 538 1013 596 dudum
1028 546 1139 610 tracto,

186 635 421 693 constantiam·
455 633 505 693 Ita
535 634 572 694 fit
594 655 701 694 verum
728 634 814 705 illud,
840 634 924 713 quod
948 632 1038 693 initio
1063 633 1138 707 dixi,

187 728 351 788 amicitiam
367 730 426 790 nisi
444 730 525 790 inter
548 731 648 791 bonos
671 751 737 791 esse
759 750 820 789 non
842 748 941 808 posse.
981 728 1041 790 Est
1054 730 1138 790 euim

158 824 259 887 5boni
283 825 349 899 viri,
368 847 461 906 quem
481 826 614 886 eundem
637 827 809 905 sapientem
830 826 904 886 licet
928 826 1039 900 dicere,
1060 828 1139 888 haec

187 921 249 981 duo
273 932 379 982 tenere
403 922 435 981 in
458 922 609 983 amicitia:
629 923 771 1003 primum,
796 941 836 982 nc
864 922 939 1002 quid
964 922 1070 983 fictum
1085 923 1137 996 sit,

186 1036 265 1079 neve
280 1018 475 1093 simulatum3
497 1030 602 1098 aperte
617 1020 699 1078 enim
718 1020 769 1078 vel
783 1018 884 1079 odisse
898 1020 997 1098 magis
1010 1019 1135 1099 ingenui

187 1126 235 1175 est
258 1136 351 1195 quam
378 1116 479 1177 fronte
507 1117 662 1177 occultare
690 1116 898 1177 sententiam:
931 1116 1053 1191 deinde,
1073 1137 1137 1176 non

187 1212 286 1272 solum
300 1212 340 1272 ab
355 1213 457 1294 aliquo
472 1213 592 1273 adlatas
614 1212 843 1273 criminationes
858 1213 1013 1292 repellere,
1028 1213 1081 1273 sed
1098 1233 1137 1273 ne

138 1308 176 1368 10
186 1308 288 1388 ipsum
303 1309 428 1389 quidem
450 1329 518 1370 esse
538 1309 749 1388 suspiciosum,
763 1329 884 1389 semper
903 1310 1017 1389 aliquid
1033 1309 1137 1370 existi·

186 1413 323 1463 mantem
349 1404 389 1465 ab
413 1404 513 1464 amico
537 1423 604 1464 esse
629 1402 789 1464 violatum.
841 1404 889 1464 66.
910 1403 1050 1464 Accedat
1076 1405 1138 1464 huo

186 1500 323 1560 suavitas
350 1501 502 1580 quaedam
533 1510 660 1579 oportet
684 1520 860 1561 sermonum
888 1511 981 1580 atque
1007 1521 1137 1574 morum,

157 1596 160 1604 ’
186 1596 422 1676 haudquaquam
438 1597 592 1658 mediocre
608 1597 839 1658 condimentum
855 1598 1018 1658 amicitiae.
1057 1597 1138 1657 Tris·

186 1692 256 1752 titia
277 1703 382 1752 autem
403 1693 486 1754 etin
508 1695 593 1754 omni
613 1714 646 1754 re
668 1695 817 1756 severitas
838 1695 932 1754 habet
946 1694 998 1754 illa
1012 1694 1137 1773 quidem

138 1801 176 1861 15
185 1788 388 1869 gravitatem
402 1790 459 1849 scd
473 1791 610 1852 amicitia
624 1792 781 1851 remissior
791 1812 856 1852 esse
868 1791 962 1851 debet
972 1802 1004 1851 et
1014 1790 1139 1851 liberior

186 1895 219 1945 et
230 1885 348 1947 dulcior
362 1896 394 1948 et
408 1887 449 1946 ad
463 1906 588 1950 omnem
610 1888 789 1948 comitatem
810 1888 1050 1969 facilitatemque
1070 1906 1139 1968 pro·

186 1983 303 2044 clivior.

225 2080 317 2140 XIX.
339 2082 386 2142 67.
407 2081 541 2143 Exsistit
555 2092 661 2143 autern
675 2083 817 2144 hocloco
832 2083 984 2162 quaedam
999 2081 1138 2162 quaestio

185 2177 390 2238 subdifficilis:
419 2200 494 2239 num
522 2181 647 2260 quando
675 2181 765 2241 amici
792 2180 874 2254 novi,
895 2180 982 2260 digni
996 2179 1139 2253 amicitia,

136 2282 175 2341 20
186 2275 341 2336 veteribus
355 2275 417 2336 sint
426 2278 651 2361 anteponendi,
666 2288 701 2339 ut
715 2278 802 2357 equis
814 2277 928 2338 vetulis
948 2286 1072 2337 teneros
1088 2295 1138 2334 an-

184 2383 332 2452 teponere
357 2375 501 2436 solemus.
543 2375 680 2455 indigna
703 2375 828 2435 homine
850 2374 1023 2434 dubitatio!
1063 2373 1137 2432 Non

185 2467 267 2528 enim
297 2469 414 2530 debent
441 2491 509 2530 esse
538 2470 752 2544 amicitiarum,
780 2469 860 2530 sicut
885 2469 1014 2528 aliarum
1028 2487 1138 2541 rerum,

185 2565 364 2642 satietates3
386 2567 552 2628 veterrima
573 2586 721 2647 quaeque,
743 2576 779 2627 ut
799 2587 835 2626 ea
850 2565 931 2640 vina,
945 2585 1023 2645 quae
1037 2575 1140 2624 vetus·

184 2671 283 2722 tatem
299 2663 413 2737 ferunt,
438 2683 504 2724 esse
526 2663 643 2723 debent
662 2663 852 2736 suavissima,
872 2681 1041 2740 verumque
1060 2656 1138 2719 illud

135 2761 341 2840 caesaque
357 2761 479 2836 dicitur,
502 2762 645 2821 “multos
667 2760 788 2821 modios
807 2759 878 2820 salis
893 2759 985 2819 simm
999 2757 1136 2819 edendos

212 2918 234 2964 2.
250 2919 302 2964 iam
310 2919 401 2966 dudum
409 2919 496 2978 tracto]
518 2919 646 2977 Thcpres·
705 2920 740 2966 11.
756 2919 871 2978 Accedat]
903 2918 1063 2975 Subjunctlve
1078 2915 1138 2962 with

184 2993 226 3034 ent
244 2989 264 3033 is
281 2989 349 3035 often
367 2991 425 3035 thus
444 2990 506 3036 used
522 2990 646 3035 nitriam
675 2988 1082 3046 mmmsuppuedaueroporter.
1156 2996 1158 2999 ·

183 3059 275 3105 dudum
286 3060 314 3105 of
321 3061 376 3106 that
386 3062 468 3130 whiclp
478 3063 524 3107 has
532 3063 594 3107 been
604 3063 646 3108 bc·
706 3059 741 3104 13.
761 3057 883 3117 Tristitia]
915 3055 1104 3103 ‘Sericusness‘

183 3141 235 3185 gun
245 3130 271 3173 in
281 3129 323 3175 the
334 3135 388 3187 pust
398 3132 458 3177 timc
468 3132 518 3176 and
528 3131 578 3176 still
588 3143 646 3177 con·
705 3129 740 3174 14.
755 3127 799 3173 illa
809 3126 914 3187 quadem]
946 3127 984 3172 0u
1003 3127 1052 3171 this
1071 3127 1137 3182 pleo-

183 3199 283 3252 tinues3
307 3200 385 3246 hence
401 3213 438 3246 we
456 3213 502 3245 can
519 3201 645 3257 translate,
674 3199 753 3242 nustic
761 3209 804 3241 noe
815 3195 844 3241 ot'
850 3195 891 3240 ille
901 3194 932 3240 el.
944 3195 1042 3250 Zumpt,
1054 3193 1065 3253 6
1076 3193 1126 3241 744.

185 3267 233 3311 ‘Of
250 3268 330 3312 which
347 3267 359 3313 1
375 3269 437 3315 have
453 3282 508 3315 now
523 3270 562 3315 lor
576 3283 645 3316 some
704 3266 741 3311 23.
757 3262 952 3325 quae-serunt]
965 3263 1138 3309 ‘wnichnear

183 3335 243 3382 time
255 3338 315 3382 been
327 3338 449 3394 treating!
675 3347 721 3392 age
732 3333 804 3380 well!

213 3405 235 3449 ὅ.
251 3405 362 3463 eundem]
389 3409 439 3450 ‘At
446 3407 562 3452 thesemo
570 3408 646 3453 time)
661 3402 664 3408 '
704 3404 741 3448 25.
757 3403 849 3449 modios
862 3403 932 3460 salia]
948 3401 1011 3447 ‚The
1022 3401 1137 3458 meaning

212 3471 235 3517 8.
243 3469 330 3532 fronte
346 3495 376 3504 -
390 3473 545 3532 sententiam]
591 3475 646 3521 ‘To
674 3473 705 3518 of
711 3473 753 3518 the
763 3475 869 3528 proverb
877 3472 906 3526 is,
918 3471 971 3515 that
981 3483 997 3516 a
1007 3471 1066 3526 long
1080 3471 1136 3515 iuti·

184 3541 284 3585 conceal
300 3541 339 3585 his
358 3540 523 3598 (unsuenuly)
540 3541 645 3600 icelings
674 3553 747 3598 macy
758 3542 779 3586 is
787 3541 902 3598 required
912 3541 996 3586 before
1005 3553 1095 3585 wecan
1107 3542 1136 3588 bo

184 3608 419 3669 undera(smooth)
431 3608 515 3656 bron!
673 3623 731 3659 eure
743 3613 1108 3671 whomtoacceptastriends.
