2492 3900
280 271 376 324 CATO
399 271 528 333 MAIOR,
554 270 640 339 sivit
663 271 715 321 Dll
739 268 967 323 suetorum
1043 271 1102 333 189

145 446 220 528 quid
241 456 274 507 et
295 447 436 522 moliens,
457 448 519 508 tale
540 447 667 521 scilicet,
682 447 772 528 quale
794 447 942 528 cuiusque
963 447 1100 508 studium

144 544 176 603 in
192 545 347 623 superiore
364 548 429 604 vitri
450 547 518 605 suit.
563 544 673 616 Quid?
694 545 746 624 qui
760 545 855 604 etiam
873 546 1036 605 addiscunt
1050 546 1101 604 ali·

145 641 228 719 quid,
243 652 279 699 ut
293 651 325 700 et
342 640 488 701 Solonem
509 643 650 702 versibus
670 642 855 720 gloriantem
876 642 1026 714 videmus,
1047 642 1099 721 qui

145 759 176 796 se
192 737 306 796 cotidie
322 737 436 815 aliquid
453 738 666 797 addiscentem
688 739 764 796 dicit
782 758 887 797 senem
902 737 976 810 lieri,
992 751 1026 797 ut
1040 757 1099 816 ego

144 835 212 909 feci,
227 835 279 913 qui
295 833 414 894 litteras
432 834 565 893 Graecas
581 854 676 893 senex
691 834 803 908 didici3
825 854 901 913 quas
917 833 1039 913 quidem
1055 834 1099 893 sie
1127 833 1146 894 5

145 933 235 992 avide
258 932 379 1011 arripui,
402 930 489 1011 qnasi
511 931 689 989 diuturnam
712 930 794 989 sitini
819 931 941 1009 explere
963 930 1098 1007 cupiens,

145 1038 180 1088 ut
195 1048 231 1089 ea
245 1028 311 1107 ipsa
326 1028 401 1087 mihi
423 1038 525 1086 esseut
552 1038 634 1100 nota,
649 1026 761 1106 quihus
782 1046 830 1085 rne
853 1046 934 1084 nune
949 1026 1098 1104 exemplis

145 1125 191 1185 uti
206 1126 326 1186 videtis.
370 1124 462 1196 erod
479 1144 549 1183 cum
571 1124 681 1183 secisse
704 1123 860 1182 Socratem
876 1123 906 1181 in
922 1123 1034 1182 fidibus
1049 1144 1099 1182 au·

145 1222 252 1296 direm,
272 1223 383 1281 vellem
408 1221 553 1300 equidem
573 1220 667 1280 etiarn
693 1220 1002 1293 illud-discebant
1015 1220 1097 1279 enim

143 1319 257 1404 fidibus
271 1319 399 1399 antiqui,
413 1320 517 1379 —sed
533 1320 564 1378 in
580 1317 692 1379 litteris
706 1328 789 1377 certe
804 1318 968 1378 elaboravi
1108 1325 1146 1385 10

184 1415 243 1475 IX.
265 1418 313 1476 27.
334 1415 404 1477 Nec
419 1437 501 1476 nunc
522 1417 648 1496 quidem
667 1415 748 1475 vires
762 1414 1099 1474 desideroradulescen·

144 1513 194 1586 tis,
203 1547 244 1557 -
254 1512 279 1572 is
295 1512 376 1571 enim
393 1524 459 1572 erat
470 1513 556 1573 locus
568 1513 647 1572 alter
658 1512 697 1571 de
708 1511 792 1571 vitiis
803 1511 978 1583 senectutis,
987 1546 1028 1556 -
1036 1531 1098 1571 non

84 1654 88 1661 .
144 1610 320 1689 plusquam
337 1609 517 1670 adulescens
534 1610 615 1670 tauri
630 1619 684 1668 aut
698 1608 855 1687 elephanti
876 1608 1098 1669 desiderabam.

145 1700 239 1772 Quod
254 1710 309 1774 est,
325 1721 361 1761 eo
378 1702 468 1761 decet
483 1702 528 1761 uti
543 1710 584 1775 et,
599 1699 750 1780 quidquid
765 1718 949 1779 agasagere
960 1719 1016 1779 pro
1030 1699 1098 1759 viri·

144 1798 210 1859 bus.
253 1798 341 1869 Quae
367 1798 448 1857 enim
474 1817 536 1857 vox
558 1808 664 1877 potest
687 1816 753 1855 esse
778 1796 985 1875 contemptior
1004 1817 1097 1876 qnam
1107 1801 1146 1861 15

144 1892 268 1955 Milonis
284 1894 507 1956 Crotoniatae?
529 1894 591 1975 qni,
606 1913 677 1953 eum
700 1892 761 1953 iam
785 1912 882 1953 senex
905 1902 988 1954 esset
1001 1894 1099 1954 athle-

144 2000 253 2070 tasque
279 2011 311 2051 se
336 2002 514 2052 exercentes
538 1991 570 2051 in
595 1991 746 2051 curriculo
766 1989 897 2064 videret,
920 1991 1097 2070 adspexisse

144 2086 275 2146 lacertos
295 2107 371 2147 suos
397 2087 510 2148 dieitur
534 2087 791 2166 inlacrimansqne
816 2086 949 2147 dixisse:
970 2088 1043 2148 “At
1064 2087 1098 2149 hi

173 2245 195 2291 2.
214 2246 298 2296 Quiet
312 2246 363 2306 qm]
396 2247 488 2292 ‘What
496 2247 560 2294 shall
570 2259 607 2294 we
666 2247 702 2292 14.
720 2245 841 2305 Qrwdert]
868 2246 967 2292 Setiim
989 2247 1097 2294 Observa

145 2325 189 2371 say
200 2315 229 2360 ol
236 2315 306 2361 those
316 2314 389 2369 who‚’
400 2322 445 2362 etc.
635 2317 678 2362 the
688 2316 818 2363 differeuce
835 2317 943 2362 between
954 2316 995 2362 the
1006 2318 1097 2363 indict·

174 2382 196 2432 7.
211 2384 333 2443 exeeptis]
369 2386 419 2430 ‘As
430 2384 606 2431 illustrations’
636 2385 685 2430 tire
700 2389 734 2430 est
749 2385 798 2429 and
809 2385 852 2429 the
862 2385 1017 2440 subjunctive
1027 2400 1095 2446 epar.

145 2450 170 2496 in
181 2464 224 2508 my
236 2454 353 2508 writinps.
636 2453 689 2499 The
714 2454 806 2499 former
835 2458 925 2498 asserta
949 2455 1096 2512 positively3

173 2518 195 2564 8.
213 2519 422 2582 Quod-secisse]
443 2520 546 2578 thetis,
556 2521 606 2567 had
637 2523 707 2568 ‘that
719 2523 801 2567 which
815 2535 867 2579 you
883 2525 991 2582 actually
1006 2524 1097 2580 have3'

145 2587 250 2644 learned,
262 2590 333 2635 when
344 2603 376 2635 an
383 2591 425 2637 oid
435 2603 501 2648 man,
512 2598 537 2636 to
547 2591 606 2649 play
636 2595 678 2640 tire
690 2596 761 2639 latter
771 2595 882 2640 contains
893 2608 926 2641 no
937 2596 1014 2641 direct
1023 2602 1096 2642 stete·

144 2669 177 2703 on
187 2658 229 2704 the
241 2660 300 2715 tyre.
637 2671 706 2711 ment
715 2677 743 2709 or
750 2665 883 2710 assertiou:
900 2668 906 2691 ¹
916 2666 1040 2711 whatever
1046 2679 1097 2723 you

96 2731 98 2736 '
173 2726 195 2772 9.
210 2727 302 2786 vellem]
333 2728 386 2774 The
408 2729 526 2787 potentini
548 2730 607 2774 sui»
636 2731 753 2792 meyde!
796 2732 849 2778 The
859 2733 990 2779 indicative
998 2735 1018 2778 is
1028 2733 1097 2781 elien

141 2794 260 2852 Junctirc.
290 2797 343 2843 The
361 2798 527 2854 imperfectis
545 2798 606 2844 used
636 2803 706 2857 used,
728 2813 788 2858 very
806 2803 883 2848 much
904 2803 953 2849 like
978 2803 1019 2849 the
1040 2806 1096 2849 suir-

145 2867 171 2908 to
190 2870 315 2920 represent
334 2865 376 2911 the
392 2865 453 2910 wish
475 2877 502 2910 as
523 2866 606 2911 unsel·
631 2871 1096 2931 junonve,toexpressgeneraitruths,

144 2932 219 2988 filled,
230 2946 259 2978 or
276 2934 306 2979 oi
318 2935 399 2979 which
417 2935 458 2980 the
472 2935 605 2982 suiniment
635 2941 681 2986 but
689 2941 711 2986 is
721 2953 790 2987 more
801 2941 900 2987 definite
918 2941 943 2986 in
958 2943 989 2986 its
999 2943 1096 2988 charac-

144 3001 209 3047 isne
219 3002 306 3060 longer
316 3003 431 3060 possitne.
633 3015 688 3066 τοῖς
716 3010 748 3056 ef.
770 3010 894 3070 Quidquid
913 3011 940 3056 id
958 3016 1000 3066 ert,
1024 3011 1096 3058 timeo

175 3071 320 3132 10.fidihue]
352 3074 505 3120 Ablutireof
514 3075 604 3120 instru-
635 3080 737 3126 mercor
761 3085 784 3125 et
807 3080 871 3126 ᾰοηα
883 3080 1000 3142 serentes,
1020 3081 1095 3140 Verg.

143 3145 219 3188 ment.
634 3149 697 3194 Aen.
710 3147 745 3194 11.
755 3148 906 3208 sewen]
943 3149 995 3195 The
1006 3150 1097 3196 second

174 3211 208 3256 12.
224 3211 289 3258 ione
313 3213 386 3272 aiter]
428 3213 495 3258 ‘The
513 3214 604 3260 second
633 3218 1097 3275 personisostenused,aswithus‚to

144 3279 239 3335 topic;’
254 3281 373 3338 refening
383 3288 408 3326 to
419 3281 460 3327 the
476 3292 604 3338 summury
634 3294 760 3341 represent
784 3300 815 3332 nn
842 3287 966 3332 indefinite
989 3288 1095 3344 subject:

144 3351 173 3398 of
190 3354 231 3400 the
251 3359 381 3412 argument
399 3356 423 3399 in
441 3367 465 3399 v.
486 3355 526 3400 15:
543 3355 605 3414 quod
635 3355 752 3410 ‘onc,’or
764 3360 882 3413 ‘persons
895 3356 1039 3413 generally!

144 3423 458 3484 torpuesacintirplrmite.
665 3425 700 3469 18.
716 3425 759 3484 Ar]
801 3424 828 3470 If
849 3427 891 3471 the
916 3426 1008 3482 ellipsis
1033 3438 1096 3472 were

174 3491 209 3537 13.
225 3491 372 3553 adtremat]
405 3493 434 3538 ln
452 3505 467 3538 a
486 3493 606 3550 temporati
636 3494 757 3549 supplied,
773 3498 800 3539 to
818 3495 898 3539 which
914 3499 940 3539 ot
956 3495 1096 3540 introduces

144 3559 264 3617 relutiou;
280 3560 368 3606 ‘while
382 3573 398 3606 a
407 3573 493 3619 young
503 3561 577 3608 man!
635 3562 824 3620 composition,
840 3564 860 3608 it
874 3562 955 3619 might
964 3561 1037 3607 read:
1053 3575 1097 3621 eye
