2492 3900
323 206 539 317 ismarum
562 245 819 298 ussermann
842 246 908 297 vn.
1025 247 1083 307 135

126 423 192 482 fere
205 435 343 502 vespera.
385 424 447 485 Sed
463 424 616 485 exercitus
637 444 752 504 magna
765 444 836 503 pars
854 443 917 484 non
938 432 1083 504 potuerat

127 521 293 600 consequi:
313 521 345 580 in
369 523 454 581 edito
479 532 585 581 monte
605 509 693 600 ignes
716 522 802 582 iubet
826 521 901 596 fieri,
923 534 958 582 ut
979 523 1009 597 ii,
1030 524 1084 603 qui
1116 530 1124 544 ’

127 636 219 696 aegre
244 619 567 696 sequebantur,·haud
596 619 703 698 procul
732 619 839 678 castris
863 620 946 698 ipsos
976 622 1082 680 abesse

127 725 358 792 cognoscerent.
408 715 474 775 Eos
499 726 613 788 autem,
638 716 691 794 qui
716 716 806 793 primi
831 717 960 795 agminis
987 728 1082 792 erant,

126 821 249 871 mature
278 813 345 872 cibo
361 833 406 872 ae
427 813 553 891 potione
577 812 726 884 firmatos,
751 812 866 890 inplere
892 813 966 871 alios
989 823 1082 887 utres,
1112 809 1130 869 5

126 909 203 968 alios
231 928 313 982 vasa,
340 910 584 988 quibuscumque
606 929 685 987 aqua
714 909 831 987 portari
853 918 965 986 posset,
993 908 1082 969 iussit

126 1024 163 1064 ac
184 1005 246 1064 suis
261 1025 352 1085 opem
366 1008 453 1064 ferre.
495 1005 558 1064 Sed
574 1005 627 1084 qui
637 1005 893 1083 intemperantius
905 1005 1081 1079 hauserunt,

125 1102 293 1162 intercluso
321 1102 437 1182 spiritu,
473 1102 619 1162 exstincti
664 1111 746 1174 sunt,
780 1101 938 1179 multoque
985 1101 1082 1162 maior

125 1200 237 1259 horum
255 1220 400 1259 numerus
420 1200 487 1272 fuit,
508 1219 601 1278 quam
616 1199 679 1257 ullo
700 1197 843 1256 amiserat
866 1197 990 1275 proelio.

165 1298 212 1356 At
239 1297 290 1356 ille
319 1301 478 1356 thoracem
509 1297 610 1355 adhuc
631 1295 757 1353 indutus
786 1313 843 1352 nee
868 1303 922 1352 aut
943 1294 1011 1354 cibo
1036 1314 1080 1354 re-
1090 1301 1128 1361 10

124 1393 224 1453 fectus
239 1405 292 1453 aut
306 1404 392 1472 potu,
413 1404 474 1472 qua
495 1393 639 1452 veniebat
659 1391 821 1464 exercitus,
841 1390 1000 1450 constitit:
1022 1411 1080 1451 neo

70 1555 78 1560 ‚
108 1502 199 1566 ¹ante
227 1491 267 1550 ad
296 1491 466 1550 curandum
494 1510 603 1568 corpus
636 1489 769 1560 recessit,
799 1507 889 1566 quarn
918 1489 1078 1566 praeteris

124 1599 203 1660 rant,
232 1588 284 1667 qui
312 1607 422 1666 agmen
452 1587 656 1647 claudebant:
679 1596 838 1662 totamque
866 1603 932 1642 eam
955 1596 1080 1645 noctem

125 1707 196 1745 cum
220 1707 334 1765 magno
359 1687 453 1747 anirni
475 1696 562 1745 motu
582 1684 740 1765 perpetuis
761 1683 874 1762 vigiliis
895 1683 967 1766 egit.
1009 1684 1079 1744 Nec

124 1795 248 1862 postero
263 1785 314 1843 die
336 1783 446 1842 laetior
467 1793 541 1856 erat,
554 1782 625 1862 quia
648 1801 705 1840 nee
727 1780 850 1858 navigia
873 1781 1007 1841 habebat
1021 1802 1078 1840 nee
1089 1791 1127 1854 15

123 1900 204 1961 pons
219 1881 295 1960 erigi
310 1889 441 1961 poterat,
456 1880 569 1940 circum
586 1899 708 1937 amnem
722 1878 806 1936 nudo
823 1878 889 1936 solo
904 1887 936 1936 et
950 1878 1079 1938 materia

123 1979 257 2037 maxime
273 1978 378 2039 sterili.
420 1978 589 2038 Consilium
612 1976 714 2055 igitur,
730 1974 811 2053 quod
834 1995 928 2033 unum
950 1976 1079 2036 necessi·

123 2084 172 2135 tas
187 2075 366 2147 subiecerat,
380 2074 447 2133 init.
488 2073 586 2135 Utres
608 2093 700 2151 quam
723 2072 878 2149 plurimos,
900 2073 1077 2133 stramentis

123 2172 262 2244 refertos,
276 2171 396 2230 dividit.
439 2170 498 2230 His
524 2170 705 2229 incubantes
728 2179 926 2229 transnavere
946 2188 1076 2243 amnem,

123 2268 236 2347 quique
250 2268 341 2347 primi
356 2267 550 2340 transierant,
563 2268 595 2327 in
611 2266 744 2327 statione
760 2276 854 2338 erant,
870 2264 945 2323 dum
972 2265 1124 2333 traice-20

123 2378 194 2424 rent
208 2364 311 2425 ceteri.
353 2364 424 2423 Hoc
445 2364 538 2423 modo
561 2374 652 2423 sexto
674 2364 799 2422 demum
821 2361 871 2419 die
886 2361 916 2419 in
933 2361 1076 2421 ulteriore

25 2520 33 2528 ,
122 2461 190 2539 ripa
203 2470 305 2521 totum
320 2460 489 2521 exercitum
503 2460 662 2539 exposuit..

150 2621 174 2665 4,
190 2620 239 2665 Eos
254 2618 449 2678 aedan-alios]
487 2619 585 2665 Fcreo-
614 2616 768 2663 understood
783 2628 810 2661 as
824 2615 1075 2672 applicahletomak-
1110 2660 1114 2667 ,

121 2702 177 2734 rum
189 2693 269 2733 autem
279 2688 358 2743 elion
375 2700 391 2733 a
400 2688 514 2745 frequent
524 2697 581 2733 eon·
614 2686 657 2743 ing
666 2686 708 2731 the
719 2685 877 2731 foundations
885 2684 1019 2740 -driving
1033 2684 1075 2729 the

121 2759 249 2804 stnrction.
611 2752 919 2812 pilas-nudo-sten'lr]
954 2754 1071 2799 ‘Bareof

150 2828 172 2872 6.
189 2841 255 2883 vaso,
280 2826 472 2886 quibuscamque]
517 2827 534 2872 i.
559 2838 581 2872 e.
611 2829 675 2870 trees
683 2824 732 2869 and
740 2836 799 2879 very
808 2822 924 2868 destitute
935 2823 963 2867 of
969 2822 1075 2869 timber!

120 2896 287 2954 erduscumquc
295 2896 466 2954 qmmtsvcsa.
643 2894 677 2939 18.
698 2892 776 2951 Utres]
799 2893 864 2938 Both
875 2892 946 2937 those
957 2893 981 2937 in
993 2893 1075 2938 which

152 2967 187 3011 13.
203 2965 435 3025 qui-elcudebant]
500 2966 582 3011 ‘Who
611 2969 746 3009 waterwas
758 2962 852 3008 carried
863 2962 912 3007 and
928 2962 998 3008 those
1012 2962 1074 3009 used

121 3035 230 3089 brought
241 3046 275 3091 up
290 3035 332 3079 the
343 3034 414 3079 rear!
611 3033 638 3078 in
648 3034 750 3089 making
760 3032 801 3077 the
812 3038 885 3078 tents.

152 3104 187 3149 16.
202 3103 275 3164 eriqt]
316 3103 376 3149 This
393 3107 456 3150 term
472 3104 493 3149 is
508 3107 534 3149 to
551 3103 582 3149 bo
640 3101 677 3148 20.
692 3102 719 3149 in
729 3100 840 3161 statione]
873 3100 1029 3159 ‘Onguardl
