2492 3900
207 248 266 308 132
415 249 448 313 Q·
473 249 601 303 cuam
622 251 714 304 RUFI
734 251 786 304 DE
808 251 939 306 GESTIS

205 432 300 504 petua
320 445 413 507 saepe
428 427 487 489 iter
500 429 658 491 claudunt.
698 428 773 492 Una
797 431 877 493 ratio
904 439 970 493 erat
997 431 1173 498 caedendo·

206 523 323 602 aperire
346 524 468 599 saltum,
485 526 541 586 sed
555 527 614 586 hoc
628 547 750 606 quoque
773 528 876 607 magni
897 528 1006 608 operis.
1048 529 1156 590 Crebri

206 637 339 699 namque
374 621 449 681 nodi
476 621 664 682 duraverant
690 622 818 702 stipites,
847 633 880 684 et
908 624 938 683 in
960 645 993 684 se
1016 624 1155 704 inplicati

207 715 350 777 arborum
372 717 459 792 rami,
478 719 633 798 suspensis
656 719 775 779 circulis
798 720 920 794 similes,
934 721 1019 780 lento
1040 721 1154 780 vimine

178 804 431 874 bfrustrabantur
453 814 541 876 ictus.
583 813 708 874 Incolae
731 825 833 874 autem
857 815 916 876 ritu
938 817 1070 876 ferarum
1098 817 1155 877 vir·

104 908 106 913 ’
204 909 294 988 gulta
315 910 415 971 subire
439 912 522 972 soliti
543 922 610 973 tum
632 931 754 991 quoque
774 911 965 972 intraverant
983 913 1094 972 saltum
1109 933 1155 974 oe

205 1004 357 1087 cultisque
372 1007 441 1068 telis
454 1009 577 1070 bostem
591 1008 793 1069 lacessebant.

245 1100 305 1163 ΙΙΙ.
326 1102 384 1163 Ille
394 1101 572 1164 venantium
584 1104 678 1164 modo
690 1103 815 1163 lntibnln
828 1113 982 1163 scrutatus
993 1102 1154 1184 plerosque

205 1197 359 1258 confodit:
380 1197 419 1257 ad
445 1198 587 1258 ultimum
608 1198 767 1258 circumire
790 1198 903 1257 saltum
924 1198 1038 1258 milites
1060 1199 1154 1274 iubet,

157 1302 194 1360 10
206 1301 248 1366 nt,
261 1290 288 1352 si
302 1303 362 1371 quia
374 1302 504 1372 pateret,
514 1292 732 1370 inrumperent.
774 1293 836 1353 Sed
851 1292 965 1368 ignotis
979 1291 1053 1352 loeis
1068 1293 1155 1372 pleri·

205 1408 265 1467 que
293 1389 487 1462 oberrabant,
511 1387 694 1467 exceptique
719 1396 791 1448 sunt
815 1388 949 1468 quidam,
974 1388 1054 1448 inter
1076 1408 1153 1468 quos

204 1504 301 1564 equus
316 1485 397 1567 regis
422 1486 648 1565 (Bncepbalam
670 1484 847 1563 vocabant),
862 1505 951 1563 quem
974 1483 1154 1544 Alexander

203 1601 266 1641 non
291 1582 409 1656 eodem,
435 1602 497 1662 qno
522 1593 640 1642 ceteras
669 1581 811 1660 pecudes,
835 1581 938 1640 animo
962 1579 1153 1642 aestimabat.

202 1677 348 1758 Namque
362 1679 413 1738 ille
428 1698 484 1738 nec
498 1679 528 1738 in
541 1679 633 1738 dorso
653 1677 786 1737 insidere
801 1696 857 1736 suo
871 1675 1046 1756 patiebatur
1059 1677 1153 1738 alium

156 1779 194 1838 15
204 1784 236 1835 et
257 1794 369 1855 regem,
383 1796 453 1835 cum
469 1776 562 1835 vellet
576 1773 771 1848 adscendere,
782 1783 892 1853 sponte
906 1794 1008 1852 genna
1028 1773 1153 1834 submit

203 1880 273 1932 tens
297 1871 470 1952 excipiebat
493 1871 734 1950 credebaturque
759 1870 882 1944 sentire,
903 1890 995 1951 qnem
1016 1871 1152 1932 veheret.

202 1968 321 2030 Maiore
336 1990 418 2049 ergo,
433 1990 525 2051 quarn
539 1969 676 2041 decebat,
688 1968 731 2028 ira
745 1968 834 2027 simul
851 1988 886 2028 ac
896 1968 1002 2028 dolore
1016 1968 1153 2028 stimula·

202 2077 254 2127 tus
269 2087 381 2146 equum
404 2066 552 2145 vestigari
566 2066 652 2125 inbet
667 2075 699 2125 et
713 2084 767 2144 per
782 2065 980 2143 interpretem
997 2062 1153 2143 pronunti·

203 2158 256 2232 ari,
270 2158 301 2217 ni
324 2157 539 2230 reddidissent,
555 2156 708 2216 neminem
731 2175 796 2215 esse
817 2155 980 2237 victurum.
1020 2155 1088 2215 Hae
1103 2154 1153 2214 dess

154 2269 192 2328 20
204 2253 396 2313 nuntiatione
413 2254 520 2327 territi,
531 2273 601 2313 cum
620 2252 730 2312 ceteris
751 2251 839 2311 donis
855 2270 968 2331 equum
984 2251 1151 2312 adducunt.

204 2350 267 2411 Sed
287 2370 325 2409 ne
344 2350 389 2410 sic
408 2349 530 2429 quidem
553 2349 712 2428 mitigatus
732 2348 818 2408 caedi
836 2348 927 2407 silvas
942 2348 1028 2408 iubet
1043 2367 1151 2427 agges-

202 2456 294 2528 taque
309 2447 403 2507 humo
418 2467 435 2506 e
450 2446 605 2506 montibus
627 2445 786 2524 planitiem
810 2444 900 2503 rumis
914 2444 1084 2523 inpeditam
1100 2464 1151 2504 ex·
1241 2450 1242 2467 ¹

202 2543 350 2625 aggerari.
390 2542 458 2602 Iam
486 2543 677 2622 aliquantum
702 2540 874 2601 altitudinis
901 2560 979 2619 opus
1002 2550 1151 2613 creverat,

201 2660 270 2700 curn
291 2638 419 2710 barbari,
431 2637 602 2716 desperato,
615 2636 782 2715 regionem,
805 2656 895 2714 quam
916 2645 1150 2715 occupaverant,

152 2749 192 2809 25
201 2756 290 2815 posse
304 2733 438 2808 retineri,
450 2744 578 2814 gentem
600 2740 686 2792 suar'n
701 2732 857 2792 dedidere.
898 2731 976 2806 Rex,
991 2732 1149 2793 obsidibus

229 2893 252 2939 2.
268 2893 357 2952 euris]
387 2893 514 2940 Predicate
522 2892 636 2950 genitive.
722 2890 756 2936 12.
774 2890 947 2950 Bucephalam]
1004 2892 1037 2938 So
1072 2892 1151 2938 called

228 2961 251 3007 4.
266 2961 389 3019 suspensis
425 2961 531 3019 circulis]
585 2962 662 3005 ‘Sus
691 2960 945 3017 sromtlresimilarity
958 2962 987 3008 of
999 2962 1037 3007 liis
1052 2962 1152 3007 headto

200 3029 298 3087 pended
309 3028 403 3085 1100sz
432 3030 484 3075 The
503 3029 567 3074 blon
578 3028 608 3073 ot‘
618 3030 661 3074 tire
690 3042 706 3074 a
716 3028 789 3073 bull's
799 3028 871 3075 head.

200 3110 248 3144 axe
259 3099 384 3155 produced
394 3099 439 3142 bnt
449 3098 507 3144 little
515 3098 585 3143 effect
593 3110 660 3155 upon
718 3096 754 3141 22.
770 3095 924 3157 eameram]
980 3097 1020 3144 He
1047 3096 1152 3143 ordered

199 3166 478 3224 theyiclilingbougbs.
691 3166 743 3211 that
763 3166 888 3211 anround
909 3166 1000 3213 should
1020 3168 1050 3213 be
1071 3167 1152 3213 raised

228 3237 252 3283 8.
267 3235 321 3295 Ille]
338 3236 660 3297 Alexamler.-'·plerosqsoe]
690 3248 723 3281 on
742 3236 783 3281 tlre
802 3236 865 3281 level
879 3237 985 3293 ground
996 3249 1024 3282 so
1040 3238 1093 3282 that
1109 3237 1152 3282 the

199 3308 235 3351 ‘A
246 3312 315 3362 grem
325 3306 444 3351 number!
690 3316 788 3362 enemy,
815 3304 914 3361 lurlrinu
933 3306 958 3351 ln
983 3307 1026 3352 the
1051 3306 1152 3361 rushes,

230 3376 265 3419 lo.
283 3374 521 3431 Sed-oberrabant]
539 3374 603 3418 ‘But
619 3375 661 3421 the
690 3373 764 3418 could
776 3374 805 3419 be
816 3386 873 3419 seen
884 3375 933 3418 and
944 3374 1067 3420 attaeked.

200 3449 265 3490 most
276 3444 315 3501 (ns
322 3445 364 3488 the
375 3444 535 3487 Macedonian
544 3443 659 3500 errorem)
718 3441 754 3486 24.
770 3442 903 3501 desperato]
944 3443 1059 3488 Ablutlve
1081 3443 1152 3489 abso-

199 3514 249 3560 lost
258 3513 320 3557 their
337 3524 390 3568 isay
407 3511 471 3557 from
488 3512 617 3568 ignorante
634 3511 662 3556 of
689 3512 738 3556 lute
756 3514 815 3557 trith
830 3514 871 3559 the
888 3515 971 3563 clauso
996 3514 1153 3575 reqionem-

199 3581 363 3641 tbe'ground’
684 3593 753 3635 posse
763 3580 870 3627 retineri.
