2492 3900
166 277 238 365 ’264
444 280 482 330 M.
508 279 637 331 TULLII
661 279 858 333 CICERONIS

177 476 345 537 numquam
369 456 504 531 oonsilio,
528 478 698 539 numquam
721 468 815 537 opera
835 467 950 533 nostra,
965 480 1021 521 neo
1046 461 1131 522 domi

177 572 235 611 noo
261 552 388 612 militiae
414 554 518 633 Scipio
533 554 696 633 eguisset?
738 553 813 613 Non
842 554 938 633 igitur
966 557 1132 619 utilitatem

177 648 319 721 amicitia,
334 650 388 708 sed
404 650 519 711 utilitas
536 651 703 711 amicitiam
719 663 888 710 consecuta
903 661 958 712 est.

146 800 148 805 ,
216 738 290 800 XV.
312 740 360 801 52.
380 740 454 801 Non
470 763 544 823 ergo
559 753 649 801 erunt
663 743 805 802 homines
822 744 940 803 deliciis
955 745 1130 808 diffluentes

98 886 100 893 .
149 836 370 911 baudiendi,si
384 839 508 918 quando
530 840 567 898 de
590 839 734 913 amicitia,
749 860 841 918 quam
857 860 914 900 nee
935 862 993 901 usu
1015 863 1071 903 nee
1086 865 1131 903 ra·

133 990 134 995 ,
175 932 260 994 tione
284 933 401 995 habent
424 939 590 1015 cognitam,
616 935 830 1015 disputabunt.
872 935 956 996 Nam
981 939 1050 1017 quis
1071 950 1130 1015 est,

175 1028 231 1111 pro
257 1030 384 1092 deorum
408 1031 503 1092 fidem
517 1041 609 1113 atque
620 1033 799 1091 hominum!
823 1033 875 1112 qui
886 1034 971 1108 velit,
984 1047 1018 1095 nt
1028 1057 1128 1117 neque

176 1124 286 1207 diligat
309 1148 495 1208 quemquam
517 1149 574 1189 neo
594 1128 659 1208 ipse
682 1129 722 1187 ab
743 1129 806 1188 ullo
828 1129 984 1208 diligatur,
1005 1132 1130 1193 eircum-

175 1220 269 1303 fluere
283 1221 427 1281 omnibus
437 1223 533 1302 copiis
548 1233 640 1302 atque
655 1222 686 1281 iu
702 1220 839 1281 omnium
855 1245 955 1283 rerum
971 1226 1129 1288 abundan-

128 1316 166 1388 10
175 1318 216 1378 tia
236 1317 366 1378 vivere?
408 1318 496 1379 Haeo
517 1320 597 1379 enim
612 1329 660 1378 est
674 1329 877 1397 tyrannorum
896 1321 970 1394 vita,
984 1323 1128 1385 nimirum

174 1414 206 1475 in
218 1426 279 1496 qua
291 1414 377 1475 nulla
386 1415 474 1490 fides,
488 1417 572 1475 nulla
586 1416 706 1489 caritas,
717 1416 801 1473 nulla
816 1416 934 1475 stabilis
946 1417 1129 1479 benevolen-

173 1510 236 1573 tiae
255 1520 438 1592 potestesse
458 1513 589 1587 fidaeia3
612 1512 715 1571 omnia
729 1532 850 1591 semper
870 1525 1013 1593 suspecta
1033 1524 1126 1596 atque

175 1608 315 1683 sollicita,
335 1610 438 1668 nullus
463 1610 549 1669 loeus
575 1608 737 1668 amicitiae.
778 1608 826 1668 53.
869 1610 947 1681 Quis
968 1612 1051 1671 enim
1071 1623 1126 1673 aut

175 1724 246 1764 eum
270 1704 388 1785 diligat,
408 1726 500 1785 quem
521 1716 650 1779 metuat,
674 1716 729 1766 aut
750 1726 830 1780 eum,
852 1727 870 1767 a
891 1728 952 1786 quo
973 1730 1007 1768 se
1030 1710 1128 1792 metui·

127 1803 165 1865 15
174 1801 288 1883 putet?
343 1801 495 1862 Coluntur
521 1811 626 1862 tamen
660 1803 866 1877 simulatione,
893 1804 1059 1866 dumtaxat
1086 1808 1126 1866 ad

173 1904 304 1980 tempus.
347 1898 439 1971 Quod
460 1899 485 1958 si
506 1900 594 1973 forte,
616 1909 652 1960 ut
671 1900 708 1960 fit
728 1901 919 1981 plerumque,
940 1903 1126 1979 oeciderunt,

174 2003 241 2054 turn
255 1993 452 2073 intellegitur,
467 2014 557 2073 quarn
578 1994 693 2055 fuerint
707 1995 815 2074 inopes
834 1998 1021 2074 anrieorum3
1042 2001 1128 2079 quod'

174 2089 375 2170 Tarquinium
390 2090 503 2150 dixisse
517 2091 629 2163 ferunt,
645 2101 710 2150 tum
728 2093 923 2152 exsulantem
938 2115 971 2154 se
986 2095 1123 2154 intellex-

173 2175 242 2260 i'sse,
257 2207 332 2266 quos
346 2187 424 2247 fidos
440 2187 553 2246 amieos
567 2187 736 2262 habuisset,
750 2209 827 2268 quos
841 2190 961 2265 infidos,
976 2213 1046 2251 eum
1064 2192 1125 2252 iam

127 2283 291 2348 20neutris
305 2283 435 2364 gratiam
456 2284 567 2343 referre
588 2293 702 2363 posset.
745 2284 793 2344 54.
816 2285 1010 2366 Quamquam
1025 2288 1125 2362 miror,

173 2363 226 2439 illa
250 2380 390 2459 superbia
417 2389 450 2439 et
475 2380 709 2460 inportunitate,
728 2381 754 2440 si
779 2402 965 2461 quemquam
993 2384 1124 2443 amioum

173 2476 286 2536 habere
314 2476 425 2557 potuit
480 2477 586 2557 Atque
614 2487 651 2537 ut
678 2478 777 2551 huius,
806 2499 898 2557 quem
924 2479 996 2552 dixi,
1025 2500 1125 2540 mores

173 2591 264 2632 veros
278 2573 390 2632 amieos
405 2593 511 2652 parare
533 2595 595 2632 non
616 2582 796 2652 potuerunt,
810 2575 853 2635 sie
867 2576 1033 2636 multorum
1050 2597 1124 2655 opes

173 2670 422 2750 praepotentium
436 2671 607 2732 excludunt
621 2671 774 2731 amicitias
795 2671 912 2732 fideles.
953 2671 1027 2732 Non
1042 2674 1125 2734 enim

201 2830 224 2876 4.
240 2829 331 2875 deliciis
341 2829 486 2892 afferentes]
509 2832 634 2878 ‘Wanton
663 2834 734 2877 taxat
754 2830 816 2890 quis,
827 2835 845 2857 '⁶
856 2832 975 2888 provided
998 2844 1046 2878 one
1069 2834 1126 2878 estl-

174 2898 199 2943 ln
215 2899 312 2943 sensual
329 2899 452 2955 deligans!
483 2900 599 2962 Dlfflam
614 2902 635 2947 la
664 2902 786 2957 matesit,’
797 2915 825 2947 or
836 2905 843 2927 ‘
853 2904 895 2947 but
906 2902 982 2960 only.’

174 2967 263 3012 almost
278 2968 320 3012 the
337 2969 447 3025 opposite
462 2969 492 3015 of
507 2972 635 3028 continere,
696 2971 731 3015 18.
750 2969 922 3028 Tarquinium]
939 2970 955 3014 i.
964 2983 985 3016 e.
997 2970 1125 3027 Tarquini·

174 3035 223 3080 and
233 3036 253 3079 is
264 3035 322 3080 here
341 3037 401 3082 used
419 3038 443 3082 in
459 3050 474 3082 a
490 3039 538 3085 bad
556 3052 633 3087 senae.
665 3055 694 3088 us
705 3044 840 3101 Superbus,
852 3044 895 3090 the
905 3045 1008 3090 seventh
1027 3045 1088 3101 king
1098 3043 1128 3090 of

174 3104 211 3150 Cf.
223 3117 269 3150 oar
278 3105 359 3151 worda
377 3108 417 3153 ‘to
427 3108 560 3166 dissipate‚'
572 3111 635 3156 ‘dia
664 3112 753 3159 Rome.

173 3172 293 3229 sipation?
692 3182 728 3228 20.
744 3181 895 3240 miror-n]
915 3182 1126 3228 ‘Inonderthat'

201 3241 224 3286 5.
240 3242 452 3303 quam-halent]
486 3245 539 3290 ‘of
552 3247 633 3292 which
662 3273 691 3282 -
705 3251 1044 3310 naperdidetinportunitate]
1076 3253 1127 3298 Are

173 3309 233 3365 they
244 3308 307 3354 have
322 3311 568 3368 neitherapraetical
587 3328 634 3360 nor
662 3323 688 3363 to
702 3321 862 3376 beregarded
878 3333 906 3365 as
920 3321 1040 3366 ablativos
1056 3321 1127 3365 abso·

173 3390 189 3423 a
199 3378 339 3423 theoretical
354 3380 518 3436 knowledge!
662 3387 722 3440 luta,
734 3389 808 3444 being
818 3389 960 3444 equivalent
968 3395 994 3434 to
1005 3405 1059 3434 cum
1071 3394 1126 3433 ton·

204 3447 224 3494 7.
240 3445 407 3506 ut—dlliput]
433 3447 633 3496 ‘Onthecondl·
661 3459 688 3498 ta
709 3454 762 3500 eius
788 3456 900 3512 nepertia
919 3462 941 3501 et
961 3457 1126 3515 inportunitas

174 3513 225 3568 tion
234 3512 304 3566 tlrat‚'
314 3519 360 3558 ete.
656 3521 747 3582 fierit.
758 3524 892 3581 -Zumpt,
904 3524 915 3584 p
926 3526 978 3581 472,
994 3534 1052 3572 note
1064 3527 1085 3571 1.

204 3585 238 3631 15.
254 3584 391 3644 dumtaxat]
429 3586 552 3645 Thetis,
576 3587 635 3635 dwa
692 3590 729 3637 22.
743 3590 828 3651 trdus]
858 3594 1076 3653 l.e.Turquinius.
