2492 3900
319 279 535 332 scurranum
557 279 681 332 MAGNI
702 280 816 335 LIBER
837 282 918 336 v111.
1028 239 1084 348 lbi

127 453 275 535 pernicie,
288 454 347 515 nisi
361 456 503 532 victores,
516 458 617 518 redire
631 479 693 519 non
708 470 844 538 possent,
858 459 999 541 ingentia
1011 481 1086 524 saxa

126 551 163 611 in
178 553 345 612 subeuntes
366 555 620 632 provolventibus
642 556 790 631 barbaris,
805 558 873 637 quis
887 560 1020 637 perculsi
1042 559 1085 620 in·

127 649 233 709 stabili
247 659 280 710 et
293 650 410 710 lubrico
424 652 522 731 gradu
537 652 722 735 praecipites
740 654 928 716 recidebant.
968 655 1085 717 Evase-

126 755 200 805 rant
224 756 329 806 tamen
354 747 533 809 Alexander
557 759 590 809 et
614 749 743 824 Charus,
765 770 841 829 quos
862 771 933 811 oum
953 752 1084 831 triginta

127 843 258 904 delectis
285 845 484 922 praemiserat
511 866 574 920 rex,
602 856 635 906 et
662 847 724 905 iam
753 866 889 925 pugnare
911 849 1083 908 comminus
1112 849 1131 911 5

127 949 313 1016 coeperant:
341 938 396 999 sed
420 960 491 1000 cum
515 960 647 1020 superne
672 936 734 1000 tela
752 941 874 1001 barbari
898 941 1083 1022 ingererent,

126 1035 250 1114 saepius
281 1035 340 1114 ipsi
372 1036 568 1111 feriebantur,
604 1056 697 1117 quem
732 1036 945 1098 vulnerabant.
987 1037 1083 1117 ,Ergo

126 1132 308 1197 Alexander
331 1142 364 1194 et
391 1134 524 1194 nominis
552 1134 600 1194 sui
628 1143 661 1194 et
684 1133 826 1213 promissi
854 1154 981 1208 memor,
1006 1135 1083 1194 dum

127 1229 228 1288 acrius
250 1249 344 1308 quam
364 1230 483 1290 cautius
497 1230 634 1304 dimicat,
646 1229 812 1312 confossus
834 1230 970 1310 undique
985 1231 1083 1311 obrui-

126 1336 188 1388 tur.
229 1326 330 1399 Quem
356 1337 391 1388 ut
420 1327 539 1388 Charus
567 1327 721 1387 iacentem
742 1327 912 1405 conspexit,
936 1346 1025 1387 ruere
1049 1327 1080 1388 in
1091 1330 1129 1392 10

125 1424 258 1499 hostem,
272 1425 412 1485 omnium
425 1434 547 1503 praeter
561 1424 712 1484 ultionem
725 1423 879 1484 inmemor
889 1424 991 1504 eoepit
1006 1425 1082 1483 mul-

125 1531 237 1602 tosque
258 1523 354 1596 hasta,
367 1521 519 1602 quosdam
540 1521 645 1602 gladio
666 1520 842 1580 interemit:
863 1521 919 1580 sed
940 1541 1010 1580 cum
1032 1530 1081 1582 tot

126 1638 220 1679 unum
240 1621 428 1680 incesserent
448 1639 566 1694 manus,
579 1637 673 1698 super
686 1617 775 1678 amici
791 1637 901 1698 corpus
914 1619 1080 1698 procubuit

127 1716 285 1776 exanimis.

166 1811 310 1873 XXVII.
331 1811 426 1871 Haud
447 1831 543 1886 secus,
558 1831 651 1892 quam
672 1831 727 1891 par
748 1820 822 1886 erat,
836 1812 1079 1892 promptissimo·
1089 1826 1126 1888 15

126 1931 196 1972 rum
210 1911 354 1971 iuvenum
370 1919 603 1989 ceterorumque
619 1909 752 1969 militum
764 1909 1078 1971 interitucommotus

126 2028 181 2068 rex
195 2010 318 2087 signum
328 2008 466 2086 receptui
479 2008 575 2067 dedit.
617 2007 719 2067 Saluti
732 2007 798 2081 fuit,
813 2008 896 2087 quod
917 2008 1032 2068 sensim
1046 2019 1079 2068 et

126 2107 273 2188 intrepidi
283 2127 317 2166 se
331 2115 521 2184 receperunt,
532 2114 564 2165 et
576 2105 700 2163 barbari
710 2106 830 2164 hostem
843 2105 995 2184 depulisse
1011 2126 1079 2164 oon-

126 2205 206 2265 tenti
230 2225 294 2264 non
318 2202 459 2262 institere
487 2201 677 2261 cedentibus.
719 2202 866 2275 Ceterum
890 2201 1077 2275 Alexander,

127 2324 197 2364 cum
221 2302 383 2363 statuisset
407 2300 553 2360 desistere
574 2299 880 2380 incepto‚—quippe
903 2300 988 2359 nulla
1008 2311 1126 2379 spes20

126 2400 294 2481 potiundae
305 2411 410 2478 petrae
422 2397 615 2470 offerebatur,
625 2406 779 2456 —tamen
791 2395 924 2475 speciem
939 2396 1078 2455 ostendit

126 2498 158 2557 in
183 2497 343 2557 obsidione
363 2492 597 2574 perseverantis.
637 2492 721 2552 Nam
747 2502 780 2553 et
807 2492 919 2551 itinera
943 2492 1077 2552 obsideri

126 2589 214 2655 iussit
236 2604 268 2654 et
291 2603 391 2653 turres
413 2589 572 2650 admoveri
593 2599 626 2650 et
646 2588 783 2668 fatigatis
809 2587 885 2648 alios
906 2587 1077 2648 succedere.

128 2690 223 2751 Ouius
244 2688 412 2769 pertinacis:
433 2687 566 2766 cognita,
580 2685 652 2745 Indi
673 2704 728 2764 per
748 2684 878 2744 biduum
899 2684 1025 2762 quidem
1041 2703 1078 2743 ao

128 2788 204 2847 duas
220 2796 326 2848 noctes
346 2806 415 2845 curn
437 2784 647 2844 ostentatione
668 2802 730 2842 non
753 2781 883 2840 fiduciae
905 2780 1008 2854 modo,
1022 2780 1074 2876 sed
1086 2789 1124 2848 25

128 2873 220 2945 etiarn
244 2883 400 2956 victoriae,
414 2881 530 2961 epulati
554 2890 635 2953 sunt,
657 2889 807 2959 tympana
828 2898 884 2937 suo
905 2897 991 2937 moro
1010 2878 1077 2958 pul-

128 2990 248 3044 santes:
269 2979 362 3043 tertit
375 2998 448 3041 vero
459 2988 550 3039 nocte
565 2987 782 3059 tympanorum
794 2974 919 3057 quidem
930 2975 1077 3053 strepitus

128 3078 260 3143 desierat
283 3076 401 3145 audiri;
422 3084 558 3143 ceterum
583 3094 622 3134 ex
646 3083 714 3135 tota
737 3082 824 3152 petre
846 3072 927 3131 faces
949 3072 1078 3152 refulge-

128 3176 210 3248 bant,
233 3194 307 3253 quas
331 3172 536 3244 accenderant
559 3170 689 3243 barbari,
712 3180 748 3230 ut
772 3168 868 3228 tutior
896 3166 986 3228 esset
1001 3168 1074 3247 ipsis

127 3271 208 3351 fuga,
236 3258 364 3347 obscura
391 3278 482 3342 nocte
509 3286 565 3347 per
592 3266 676 3348 invia
703 3284 778 3346 sarra
806 3264 946 3348 cursuris.
997 3263 1076 3337 Rex,
1085 3269 1123 3331 30

154 3434 169 3480 2
192 3432 255 3493 quir]
296 3431 385 3482 Refero
407 3434 433 3476 to
453 3443 522 3499 suem
645 3427 679 3489 17.
695 3426 795 3486 seorim]
828 3425 1000 3489 {Grcduullpfl

154 3504 177 3552 9.
193 3502 309 3561 cndiqm]
341 3502 380 3558 By
398 3510 514 3557 ucupom
532 3499 586 3566 that
643 3496 679 3549 21.
695 3496 797 3555 speciem
816 3494 929 3555 ostendit]
962 3492 1077 3538 ‘Medea

128 3570 390 3621 uerethrown‘trom
399 3566 572 3628 alleicurtem*
615 3560 1019 3621 shouofoontinulngthesiege:
1062 3614 1068 3621 ‚
