2492 3900
296 275 515 326 ALEXANDRI
538 273 661 325 MAGNI
683 275 795 326 LIBER
817 275 899 327 VIII.
1007 277 1064 338 143

107 437 308 516 levatumque
322 436 356 495 in
369 436 603 496 tabernaculum
625 427 777 522 deferunt.
819 435 877 495 Ille
899 437 984 496 humi
998 458 1065 518 pro·

108 544 261 594 straverat
292 553 411 612 corpus,
432 533 550 612 gemitu
575 531 751 611 eiulatuque
773 533 938 593 miserabili
964 545 1064 595 totam

107 653 284 712 personans·
301 632 428 712 regiam.
485 630 616 689 Laniare
646 631 759 691 deinde
788 653 822 691 os
852 634 1004 712 unguibus
1032 648 1064 694 et

108 732 345 790 circumstantes
358 748 475 808 rogare,
489 747 528 787 ue
543 747 575 787 se
590 737 680 787 tanto
702 728 845 788 dedecori
866 731 1063 809 superstitem

108 847 175 886 esse
199 835 387 905 paterentur.
427 824 514 884 Inter
537 825 593 884 has
615 844 721 903 preces
747 834 815 885 tota
839 847 902 885 nox
924 837 1062 887 extracta
1094 846 1111 906 5

109 933 167 982 est.
209 923 477 1000 scrutantemque,
490 941 565 980 num
579 921 626 980 ira
641 921 770 980 deorum
785 923 822 980 ad
839 914 959 983 tantum
977 924 1061 984 nefas

109 1034 197 1080 actus
225 1028 314 1092 esset,
342 1019 433 1091 subit,
462 1017 706 1077 anniversarium
742 1019 923 1079 sacrificium
951 1019 1062 1080 Libero

109 1117 197 1177 Patri
211 1138 273 1176 non
288 1137 357 1176 csse
371 1115 529 1176 redditum
543 1123 663 1174 statuto
678 1124 826 1193 tempore.
861 1115 971 1195 Itaque
982 1117 1062 1177 inter

20 1221 28 1231 '
66 1233 69 1238 ·
109 1215 216 1272 vinum
230 1224 262 1273 et
277 1214 382 1291 epulas
403 1212 496 1271 caede
511 1211 682 1283 commissa,
696 1211 773 1270 iram
795 1212 845 1271 dei
860 1213 951 1273 fuisse
966 1215 1061 1273 mani·

109 1312 228 1378 festam.
271 1310 417 1370 Ceterum
439 1307 538 1386 magis
561 1327 598 1366 eo
612 1308 804 1381 movebatur,
820 1310 901 1387 quod
924 1311 1060 1370 omnium
1074 1329 1111 1388 10

110 1407 277 1466 amicorum
306 1406 426 1464 animos
450 1404 577 1463 videbat
602 1403 772 1463 attonitos:
809 1407 964 1465 neminem
991 1427 1060 1466 cum

109 1503 177 1582 ipso
191 1503 306 1562 sociare
320 1521 493 1561 sermonem
508 1511 615 1578 postea
631 1520 794 1560 ausurum:
810 1502 977 1562 vivendum
993 1523 1061 1563 esse

109 1600 141 1659 in
166 1599 333 1659 solitudine
358 1598 445 1657 velut
469 1597 550 1656 ferae
580 1596 705 1671 bestiae,
731 1598 859 1658 terrenti
884 1600 965 1674 alias,
987 1602 1061 1661 alins

109 1696 242 1758 timenti.
282 1696 389 1769 Prima
409 1693 522 1754 deinde
545 1693 612 1753 luce
634 1694 833 1755 tabernaculo
849 1717 966 1777 corpus,
981 1698 1062 1758 sicut

109 1794 211 1854 adhuc
224 1807 386 1853 cruentum
401 1800 476 1864 erat,
490 1790 579 1849 iussit
592 1790 705 1851 inferri.
819 1794 824 1806 “
1074 1816 1111 1876 15

148 1889 240 1951 XIV.
262 1890 333 1962 Quo
370 1887 480 1968 positu,
514 1894 587 1946 ante
621 1887 723 1967 ipsum
767 1889 900 1952 lacrimis
937 1892 1062 1968 obortis,

110 1987 251 2060 “Hanc’'
276 1987 385 2066 inquit,
400 1984 538 2044 “nutrici
569 2006 656 2044 meae
677 1987 810 2066 gratiam
839 1990 953 2064 rettuli,
975 1991 1062 2051 cuius

110 2085 172 2145 duo
186 2085 240 2143 filii
255 2084 336 2163 apud
350 2082 493 2142 Miletum
515 2102 572 2161 pro
598 2093 666 2142 mea
679 2083 778 2161 gloria
802 2088 971 2147 occubuere
986 2109 1063 2147 mor·-

110 2192 183 2257 tem,
197 2183 247 2242 hic
270 2182 373 2254 frater,
397 2179 522 2238 unicum
543 2178 685 2239 orbitatis
707 2181 863 2255 solacium,
885 2205 967 2244 arne
983 2186 1064 2245 inter·

110 2270 215 2358 epulas
251 2278 368 2339 occisus
393 2286 449 2336 est.
491 2276 564 2347 Quo
592 2297 674 2337 nunc
701 2298 734 2338 sc
763 2281 900 2341 conferet
927 2283 1111 2356 miserai20

110 2375 262 2435 Omnibus
276 2375 340 2435 eius
353 2394 432 2433 unus
446 2392 615 2452 supersum,
627 2394 718 2453 quem
734 2376 833 2436 solum
846 2380 951 2457 aequis
965 2381 1073 2441 oculis'

109 2473 214 2533 videro
228 2493 291 2532 non
304 2471 427 2552 poterit.
470 2470 514 2529 Et
528 2489 595 2549 eg0,
611 2482 801 2531 servatorum
821 2457 960 2533 meorum
975 2477 1062 2551 latro,

109 2579 247 2630 revertur
259 2570 291 2627 in
304 2567 445 2647 patriam,
469 2576 558 2627 utne
573 2567 716 2626 dextram
731 2568 857 2648 quidem
870 2571 980 2631 nutrici
996 2572 1062 2632 sine

111 2666 258 2725 memoria
268 2664 451 2725 calamitatis
461 2662 527 2722 eius
541 2662 649 2721 offerre
664 2664 822 2742 possim!”
851 2665 894 2725 Et
909 2688 979 2727 oum
994 2666 1063 2728 finis

109 2763 242 2824 lacrimis
256 2761 456 2841 querellisque
481 2780 542 2819 nou
564 2760 660 2834 fieret,
675 2761 759 2821 iussu
771 2762 938 2824 amicorum
954 2786 1062 2843 corpus
1073 2776 1111 2835 25

111 2860 246 2920 ablatum
265 2860 320 2919 e'st.
361 2858 431 2917 Rex
453 2856 591 2917 triduum
609 2857 705 2919 iacuit
720 2859 867 2921 inclusus.
912 2863 1013 2935 Quem
1029 2874 1064 2925 ut

140 3019 173 3065 ll.
189 3017 319 3077 neminem]
351 3017 390 3063 Sc.
400 3016 560 3062 existimabat.
629 3021 664 3067 18.
681 3020 801 3081 Miletum]
829 3023 852 3067 A
868 3023 1006 3069 celebrated
1015 3024 1063 3080 city

139 3088 174 3133 12.
190 3088 282 3132 sucurre
319 3085 462 3144 sermonem]
515 3085 570 3130 ‘To
599 3093 629 3138 of
644 3093 723 3148 Curia,
735 3092 816 3138 which
838 3092 888 3139 hod
909 3094 971 3139 boon
989 3094 1064 3141 tnkeu

111 3157 258 3210 convcrse3’
278 3156 408 3202 masmuch
426 3167 453 3200 as
471 3156 503 3200 he
521 3155 571 3200 had
600 3167 635 3221 by
652 3162 802 3209 Alexander,

111 3229 232 3286 punislrcd
242 3227 341 3272 Clitua's
350 3228 438 3282 liberty
446 3226 476 3270 ot'
483 3225 571 3282 speech
631 3233 666 3277 21,
686 3231 802 3277 Omnibus
812 3231 873 3291 eiua]
893 3232 908 3277 i.
920 3245 941 3278 c.
952 3237 975 3278 et
981 3231 1064 3294 srotri

111 3300 169 3344 with
180 3299 241 3343 such
252 3298 357 3352 cruclty.
602 3300 700 3359 etflti‘in.

140 3369 174 3413 13.
190 3368 263 3426 abas]
295 3368 334 3411 Sc.
349 3366 430 3427 seras.
631 3370 666 3415 22.
682 3372 831 3414 sanatorum
841 3370 957 3429 mennam]
976 3371 1065 3416 Referu

140 3449 175 3498 17.
190 3447 290 3506 narnia]
313 3441 572 3502 Hellusios-prati.
602 3446 628 3486 to
646 3440 725 3485 Clitus
745 3438 823 3483 alone.
853 3438 905 3485 rue
924 3441 1008 3485 useof
1023 3441 1065 3486 the

111 3533 150 3565 cm
159 3509 252 3571 rettuli]
279 3516 381 3561 ‘Iluwc
392 3514 464 3559 made
475 3514 524 3557 this
535 3525 572 3558 re·
601 3508 682 3567 plural
695 3511 731 3551 tor
741 3506 782 3550 the
798 3507 907 3559 singular
924 3508 943 3551 is
961 3514 1003 3552 not
1019 3521 1064 3554 un·

66 3638 84 3653 Ι,
111 3588 268 3635 tum’tohor
279 3588 316 3633 lor
327 3585 441 3643 bringing
451 3596 491 3629 mc
502 3595 543 3641 up.
602 3574 990 3623 usualmanimuteuuiscoursc.
