2492 3900
213 272 311 331 CATO
334 277 463 341 MAIOR,
488 277 573 332 SIVE
597 276 648 330 Du
672 276 899 332 seruorum
974 280 1030 341 181

67 450 235 531 conplevit
258 469 365 527 anuos,
389 472 490 533 neque
513 473 661 534 umquam
684 454 716 513 in
741 474 798 515 suo
819 454 924 515 studio
938 437 1031 535 atque

69 568 170 627 opere
192 548 334 609 cessavit.
377 548 447 623 Qui,
472 570 543 610 cum
566 571 604 610 ex
620 571 658 615 eo
679 562 885 631 quaereretur,
899 562 1032 612 curtam

69 645 131 705 diu
153 646 247 706 vellet
266 666 333 707 esse
355 646 388 707 iu
409 647 492 708 vita:
515 647 630 707 “Nihil
644 648 771 722 habeo‚”
791 648 901 729 inquit,
920 648 1032 729 “qnod

71 760 216 802 accusem
229 742 450 804 senectutem.”
490 742 688 805 Praeclarum
700 764 881 825 responsum
892 754 924 805 et
937 744 1032 805 docto

71 837 358 919 hominedignum.
682 873 686 880 ·
1023 905 1025 910 ,
1061 843 1079 903 5

117 936 166 995 14.
188 936 254 997 Sua
273 937 356 996 enim
380 936 457 998 vitia
481 936 663 1017 insipientes
689 946 722 999 et
744 958 830 999 suam
854 937 976 1018 culpam
999 936 1030 997 in

73 1042 272 1093 senectutem
303 1033 485 1108 conferunt3
522 1035 607 1114 quod
641 1055 704 1095 nou
728 1034 862 1096 faciebat
888 1034 923 1109 is,
946 1034 1032 1095 cuius

73 1128 172 1188 morlo
187 1130 377 1190 mentionem
391 1130 459 1205 feei,
470 1129 608 1192 Ennius:

227 1262 303 1313 Sicut
314 1264 389 1314 fortis
403 1279 497 1327 equus,
511 1266 597 1328 spatio
609 1265 656 1327 qni
668 1279 748 1328 saepe
760 1278 884 1328 supremo

224 1344 298 1395 Vicit
309 1345 442 1410 Olympia,
455 1362 528 1397 nune
541 1348 617 1397 senio
630 1348 767 1397 confectus
775 1347 897 1410 quiescit.
1041 1358 1078 1420 10

74 1455 160 1537 Equi
170 1457 256 1518 fortis
270 1467 303 1519 et
317 1457 443 1519 victoris
457 1460 611 1520 senectuti
622 1468 781 1539 comparat
791 1480 887 1519 stram.
929 1458 1031 1531 Quem

75 1554 203 1634 quidem
216 1554 313 1633 probe
328 1555 505 1616 meminisse
520 1555 660 1635 potestis.
700 1555 796 1615 Anno
810 1555 893 1615 enirn
904 1555 1031 1615 undevi-

75 1649 191 1711 cesimo
211 1660 285 1729 post
307 1650 372 1711 eius
395 1663 526 1711 mortem
549 1652 581 1712 hi
606 1652 756 1724 consules,
777 1649 813 1712 Τ.
838 1651 1030 1711 Flamininus

77 1754 110 1805 et
130 1742 321 1818 M’Aeilius,
342 1745 416 1805 facti
438 1755 527 1820 suut3
547 1745 599 1806 ille
613 1757 719 1806 autem
744 1746 898 1826 Caepione
913 1757 946 1807 et
959 1746 1030 1805 Phi·

76 1841 160 1921 lippo
181 1840 294 1930 iterum
308 1842 485 1901 consulibus
504 1854 718 1916 monuissent,
739 1836 809 1903 cum
831 1864 890 1922 ego
904 1843 1029 1923 quidem
1039 1859 1077 1918 15

77 1938 212 2020 quinque
240 1947 272 1999 et
296 1938 458 2019 sexaginta
486 1959 582 2000 annos
608 1952 708 2014 natus,
729 1941 829 2020 legem
853 1938 1029 2000 Voconiam

77 2047 274 2117 magnivoce
285 2046 316 2098 et
327 2036 416 2097 bonis
427 2037 575 2096 lateribus
585 2038 757 2098 suasissem.
784 2038 896 2097 Annos
907 2051 1030 2118 septua-

77 2133 164 2214 ginta
177 2144 374 2194 natus—tot
389 2133 472 2193 euim
481 2133 560 2194 vixit
574 2132 743 2193 Eunins—
756 2134 801 2195 ita
827 2134 945 2194 ferebat
965 2135 1029 2195 duo

78 2249 155 2310 quae
178 2229 315 2289 maxima
338 2239 489 2308 putantur
510 2250 614 2304 onera,
636 2239 852 2310 paupertatem
874 2241 906 2291 et
929 2251 1029 2292 senec

78 2335 186 2400 tutem,
205 2337 241 2386 ut
263 2326 306 2386 eis
326 2346 425 2405 paene
447 2326 594 2387 delectari
618 2327 783 2387 videretur.
826 2327 872 2387 15.
893 2326 1028 2403 Etenim,
1037 2339 1076 2398 20

79 2443 147 2484 cum
172 2424 350 2502 conplector
365 2423 487 2498 animo,
511 2434 659 2503 quattuor
685 2423 804 2503 reperio
831 2443 947 2497 canem,
974 2444 1029 2484 cur

79 2531 219 2582 senectus
240 2519 353 2580 misera
373 2520 536 2580 videatur:
558 2539 660 2594 unam,
675 2519 758 2600 qnod
780 2522 890 2580 avocet
905 2520 1028 2579 arebus

106 2678 127 2724 a.
143 2677 385 2738 spatio-supremo]
431 2679 481 2724 ‘At
494 2679 537 2726 the
597 2678 632 2724 15.
647 2677 744 2737 iterum]
776 2677 837 2723 'l'his
846 2678 923 2725 refers
932 2679 992 2735 only
1001 2682 1029 2724 to

80 2749 125 2796 end
135 2750 163 2794 ot'
170 2748 211 2794 the
221 2747 392 2794 rece-course?
566 2749 608 2795 the
618 2748 761 2806 consulship
771 2747 800 2793 oi
811 2748 948 2805 Philippus,
959 2747 988 2794 B.
1000 2747 1028 2794 c.

108 2817 141 2863 1⁰.
159 2816 282 2876 Olympio]
314 2818 461 2864 Accusative
481 2817 536 2874 plu·
567 2818 616 2864 169.

80 2887 123 2942 rai,
133 2887 156 2931 in
166 2887 287 2932 imitation
297 2886 327 2932 ol
334 2886 375 2931 tho
387 2886 468 2932 Greek
479 2897 536 2932 eon-
596 2886 632 2930 16.
647 2885 721 2940 leeem
736 2884 878 2944 Voconiam]
897 2884 934 2930 De
943 2883 1025 2930 mulie·

81 2956 194 3001 siruetlon
213 2955 319 3010 Ὀλὺμπια
338 2962 406 3011 νικᾶν,
423 2957 536 3000 ι1100011-
566 2968 621 3000 rum
632 2953 812 2999 hereditatibus.
842 2954 901 2999 This
917 2954 964 2999 law
977 2966 1028 2999 was

81 3035 138 3080 quer
151 3025 175 3070 in
191 3026 232 3070 the
255 3024 373 3082 'Olympio
397 3023 538 3081 gumes’-
566 3024 657 3069 named
677 3025 739 3068 atter
759 3022 789 3072 Q.
807 3023 935 3069 Voconius
952 3023 1027 3078 Saxa,

81 3090 207 3154 confectus]
228 3091 266 3137 ef.
275 3099 332 3137 note
340 3104 371 3138 on
377 3091 472 3150 panus,
479 3091 495 3137 i.
508 3092 528 3136 1.
566 3091 600 3148 by
611 3092 692 3137 whom
710 3091 729 3135 lt
743 3102 794 3136 was
809 3091 939 3148 proposed,
954 3091 983 3136 B.
999 3093 1027 3137 C.

110 3161 141 3206 1³.
155 3160 181 3206 li
198 3161 315 3220 eonsules]
354 3161 422 3206 ‘The
438 3163 537 3218 present
568 3161 616 3206 169.
648 3161 685 3207 Its
694 3161 762 3206 main
777 3161 858 3218 object
867 3161 1029 3206 wastolimit

82 3230 230 3287 eonsuls‚¹B.
243 3231 270 3277 c.
283 3231 333 3276 150.
363 3230 450 3276 cicero
460 3231 536 3277 reiers
565 3231 608 3276 the
629 3235 732 3276 mount
756 3230 785 3275 ol
806 3234 923 3287 property
939 3230 994 3274 that
1013 3242 1029 3275 a

82 3299 120 3345 the
134 3300 248 3357 dizrlogue
261 3300 297 3346 De
310 3301 434 3347 Senectute
449 3306 476 3346 to
486 3299 536 3344 this
565 3312 663 3346 woman
673 3299 747 3346 could
757 3300 851 3346 receive
859 3310 887 3343 as
897 3299 998 3345 heiress.

83 3369 213 3415 dala-T.
226 3369 391 3428 Flamininus]
415 3369 466 3414 Not
474 3370 537 3414 robe
593 3367 632 3412 22.
648 3367 839 3424 crocet-abrit]
857 3367 1030 3422 Suhjunctires

83 3437 232 3483 eontonnded
243 3438 302 3482 with
313 3437 355 3484 the
364 3448 501 3494 conqueror
511 3435 541 3481 of
567 3448 594 3482 as
611 3436 696 3492 giving
716 3435 758 3480 the
777 3436 875 3492 opinion
897 3434 927 3479 of
939 3435 1030 3489 others,

83 3505 156 3565 Philip
170 3507 199 3552 ot
210 3507 340 3564 Macedon,
357 3506 466 3553 referred
475 3509 502 3551 to
511 3506 538 3551 ln
567 3505 616 3551 and
626 3509 671 3549 not
680 3504 710 3549 ot
722 3505 790 3549 Cato.
798 3517 851 3547 -a
864 3502 934 3548 retur
947 3515 1030 3561 peren·

83 3574 129 3622 11.
155 3576 192 3623 cf.
204 3579 271 3634 note,
281 3587 343 3636 page
354 3575 405 3633 169,
416 3575 466 3622 hue
478 3575 499 3622 1.
568 3572 615 3632 dir]
647 3572 738 3618 ‘From
748 3572 826 3617 actim
836 3568 962 3628 persulta‘
