2492 3900
267 244 364 301 CATO
388 246 521 309 MAIOR,
545 246 634 300 srvit
656 246 708 298 bn
731 244 961 300 anarchars-
1024 245 1085 307 219

124 422 203 485 Non
218 432 324 485 censet
338 424 505 503 lugendam
522 444 589 483 esse
612 432 747 484 mortem
768 444 861 503 quam
879 423 1084 502 inmortalitas

125 532 344 601 consequatur.
386 522 433 582 74.
455 521 523 580 Iam
549 540 658 581 sensus
692 520 846 581 moriendi
879 520 989 600 aliquis
1017 541 1084 581 esse
1132 511 1134 514 ¹

125 628 242 698 potest,
256 618 344 697 isque
359 617 398 677 ad
414 618 560 697 exiguum
574 627 707 696 tempus,
720 617 901 696 praesertim
909 617 992 677 seni:
1013 627 1085 697 post

125 725 262 775 mortem
286 714 412 794 quidem
438 732 546 773 sensus
568 722 623 773 aut
643 714 799 792 optandus
821 722 876 774 aut
900 714 1002 773 nullus
1027 724 1084 775 est.

127 811 192 872 Sed
208 812 266 871 hoc
280 810 466 870 meditatum
480 809 520 869 ab
534 808 745 869 adulescentia
758 810 852 869 debet
865 822 1084 885 casamariam
1113 804 1132 864 5

126 919 165 969 ut
179 908 400 987 neglegamus3
425 905 493 966 sine
518 917 579 985 qua
601 904 805 965 meditatione
828 906 995 986 tranquillo
1016 928 1083 967 esse

126 1005 232 1065 animo
251 1014 356 1084 potest
377 1023 479 1063 nemo.
520 1001 719 1061 Moriendum
733 1002 815 1061 euim
837 1014 920 1061 certe
934 1013 990 1077 est,
1004 1004 1037 1063 et
1050 1003 1083 1063 id

124 1101 290 1175 incertum,
312 1121 350 1159 an
378 1101 439 1161 hoc
466 1100 534 1179 ipso
560 1099 619 1159 die.
660 1097 797 1158 Mortem
821 1098 917 1177 igitur
940 1100 1082 1160 omnibus

125 1198 212 1259 horis
222 1198 444 1277 inpendentem
458 1196 573 1257 timens
584 1196 638 1276 qul
648 1196 763 1275 poterit
778 1196 880 1255 animo
892 1197 1082 1257 consistere?
1183 1250 1194 1266 ,

126 1296 176 1357 75.
215 1294 270 1365 De,
286 1306 346 1375 qua
356 1279 418 1354 non
434 1294 479 1354 ita
492 1292 586 1372 longa
607 1292 815 1371 disputatione
829 1312 907 1371 opus
921 1313 987 1352 esse
1002 1291 1132 1353 vide-10

125 1403 187 1466 tur,
201 1412 270 1453 cum
291 1390 437 1451 recordor
457 1410 519 1449 non
534 1388 569 1449 L.
583 1388 727 1461 Brutum,
741 1388 839 1469 quiin
854 1390 1012 1450 liberanda
1031 1411 1084 1470 pa-

125 1489 186 1550 tria
210 1498 258 1550 est
281 1488 480 1562 interfectus3
501 1506 565 1545 non
586 1484 667 1545 duos
689 1484 813 1559 Decios,
838 1486 889 1566 qui
915 1486 955 1546 ad
975 1489 1083 1547 volun-

124 1586 236 1648 tariam
256 1596 387 1646 mortem
411 1602 535 1645 cursum
550 1602 701 1664 equorum
714 1582 938 1660 incitaverunt3
959 1606 1022 1644 non
1036 1584 1081 1644 M.

125 1683 268 1757 Atilium,
297 1682 350 1762 qui
375 1682 414 1741 ad
442 1678 629 1759 supplicium
657 1690 705 1739 est
736 1680 899 1759 profectus,
926 1694 961 1741 ut
988 1682 1082 1742 fldem

125 1780 209 1840 hosti
237 1780 343 1839 datam
371 1785 572 1839 conservaret
579 1795 589 1851 ;
623 1796 688 1835 non
722 1776 800 1837 duos
836 1778 1002 1857 Scipiones,
1029 1779 1082 1858 qui
1092 1777 1130 1837 15

125 1877 187 1938 iter
211 1876 324 1938 Poenis
350 1876 400 1935 vel
425 1874 604 1955 corporibus
627 1874 692 1934 suis
716 1874 875 1934 obstruere
898 1876 1081 1952 voluerunt3

125 1995 188 2035 non
221 1995 314 2036 avum
345 1985 435 2034 tuum
462 1971 499 2034 L.
526 1972 683 2047 Paullum,
718 1972 771 2053 qui
804 1982 904 2032 morte
935 1974 993 2034 luit
1023 1975 1081 2036 col-

124 2071 213 2150 legae
251 2071 283 2130 in
326 2069 482 2132 Cannensi
524 2069 696 2149 ignominia
743 2070 975 2145 temeritatem3
1017 2091 1080 2131 non

124 2168 170 2228 M.
207 2167 399 2242 Marcellum,
440 2167 527 2228 cuius
568 2166 732 2227 interitum
769 2187 810 2227 ne
852 2167 1080 2230 crudelissimus

124 2264 251 2344 quidem
272 2265 369 2324 hostis
397 2265 515 2345 honora
542 2263 720 2342 sepulturae
747 2282 851 2323 carere
879 2284 986 2342 passus
1022 2269 1129 2341 estid

124 2361 182 2422 sed
209 2362 346 2441 legiones
374 2373 505 2436 nostras,
529 2359 613 2440 quod
643 2360 753 2439 scripsi
782 2361 813 2420 in
845 2361 1081 2440 “Originibus”

123 2459 158 2518 in
180 2478 251 2518 eum
275 2459 377 2519 locum
397 2477 489 2538 saepe
510 2457 666 2538 profectas
685 2457 778 2517 alacri
799 2457 904 2516 animo
922 2467 955 2518 et
969 2469 1081 2532 erecto,

153 2617 177 2665 2.
192 2617 284 2678 amnas]
316 2615 540 2664 ‘consolausness’
577 2609 579 2620 '
618 2629 655 2672 ro,
664 2617 729 2674 who,
740 2616 945 2674 coutrarytothe
960 2617 1045 2663 advice
1054 2618 1084 2664 of

154 2687 178 2734 9.
193 2688 280 2734 timens
295 2687 346 2748 qao]
388 2687 471 2732 ‘How
481 2687 531 2733 will
541 2699 588 2733 one
619 2686 729 2743 Paullus,
743 2688 832 2744 fought
846 2689 943 2743 against
954 2687 1080 2734 Hannmal

124 2757 184 2804 who
198 2757 262 2804 leurs
274 2758 303 2804 bs
313 2756 385 2814 able,’
395 2762 442 2803 etc.
618 2763 645 2803 st
654 2758 696 2804 the
706 2759 782 2804 battle
791 2759 820 2803 ol
827 2757 936 2813 cannae,
950 2757 979 2802 B.
990 2757 1018 2803 0.
1028 2757 1080 2815 216,

156 2827 192 2872 11.
207 2827 237 2872 L.
256 2827 374 2886 Batiam]
406 2827 475 2873 Slain
494 2827 589 2884 hythe
618 2829 645 2874 tn
660 2828 741 2874 which
759 2829 801 2874 the
818 2826 917 2873 Roman
937 2839 1009 2884 army
1028 2840 1080 2874 aas

125 2908 172 2944 son
188 2896 219 2942 of
227 2893 380 2954 'Tarquinius
397 2896 534 2956 Superbus,
545 2897 589 2943 the
618 2897 708 2944 almost
720 2897 882 2944 annihilsted.
911 2895 1015 2943 Paullus
1029 2898 1080 2946 and

124 2964 174 3012 last
184 2965 213 3010 ot
220 2967 262 3011 the
272 2966 370 3012 Roman
381 2966 462 3024 hings.
617 2968 708 3013 almost
724 2968 758 3013 all
775 2968 816 3014 the
836 2967 930 3014 officere
949 2968 1079 3026 perlshed;

156 3034 192 3082 12.
207 3034 374 3095 daorDecioa]
392 3035 589 3083 i.e.satherand
618 3037 664 3081 but
681 3036 770 3092 Varro,
791 3036 850 3082 with
874 3037 951 3082 about
975 3042 1080 3095 seventy

125 3114 181 3152 son.
212 3105 249 3150 el.
261 3105 360 3151 xiit4a.
618 3106 870 3163 horsemen,escaped
887 3110 913 3152 to
929 3107 971 3154 the
981 3105 1080 3153 Roman

155 3173 192 3218 13.
207 3172 243 3218 M.
264 3173 367 3234 Atilius]
398 3175 483 3220 Better
497 3175 588 3222 known
619 3175 878 3231 campatcanusium.

124 3242 160 3301 by
175 3243 217 3288 the
227 3255 300 3289 name
312 3245 341 3290 of
350 3245 474 3300 Regillus.
650 3243 685 3287 19.
700 3242 835 3301 interitum]
882 3243 1015 3289 Marcellus
1029 3254 1079 3288 was

155 3312 190 3358 15.
205 3312 264 3358 duos
274 3313 407 3373 Scipiones]
417 3313 470 3362 The
478 3313 590 3358 brothers
619 3311 705 3356 drawn
715 3313 805 3357 iutoan
812 3311 961 3359 ambuscade
968 3314 1001 3369 by
1010 3312 1080 3358 Han·

125 3379 216 3426 (ineius
237 3381 287 3427 and
307 3382 336 3426 P.
358 3381 487 3428 Cornelius
508 3381 589 3438 Scipio
619 3381 697 3435 nibal,
707 3393 767 3426 near
775 3379 919 3435 Tarentum,
929 3383 977 3427 and
992 3380 1078 3435 killed,

124 3449 226 3506 already
238 3450 381 3496 mentioned
392 3451 416 3495 ln
428 3451 464 3495 ix.
474 3449 512 3494 29.
618 3451 648 3495 Β.
665 3449 694 3494 C.
710 3449 761 3495 208.
791 3449 917 3495 Hannibal
938 3451 1028 3495 caused
1045 3448 1080 3495 all

156 3519 192 3568 17.
208 3519 319 3581 collaque]
360 3519 408 3564 Hls
425 3519 550 3574 colleugue
563 3517 589 3563 ln
618 3518 668 3564 duc
683 3518 775 3564 honora
791 3521 818 3564 to
834 3518 867 3564 ba
880 3518 979 3576 pallito
993 3519 1078 3566 blare·

125 3589 169 3638 the
184 3589 335 3647 consulship,
346 3588 374 3635 0.
384 3587 514 3635 Terentius
526 3587 589 3634 Var-
618 3586 707 3632 muns.
