2492 3900
306 239 524 293 'ALEXANDRI
546 240 668 292 MAGNI
691 197 803 294 LIBER
825 243 879 294 111.
996 245 1067 324 3113

116 414 211 476 seduli
236 415 389 477 turbant.”
429 416 504 476 Non
530 437 671 478 securum
699 419 793 479 modo
817 419 894 480 haec
918 439 989 495 vox,
1011 421 1067 482 sed

116 514 206 572 etiam
228 513 344 572 laetum
366 534 469 593 regem
485 534 521 573 ac
535 515 662 592 plenum
683 515 782 575 bonae
802 516 868 594 spei
882 515 965 577 fecit.
1006 517 1067 578 Ita-

116 631 180 689 que,
201 610 264 670 “Si
286 610 363 683 dei,'’
376 611 477 689 inquit
499 617 515 646 ‘⁶
527 610 679 690 Philippe,
695 612 758 671 tibi
772 612 1066 694 permisissentkquo

115 707 205 765 modo
214 706 348 765 maxime
360 708 455 766 velles
466 707 602 765 animum
614 707 746 786 experiri
758 728 870 783 meum,
880 709 940 769 alio
948 710 1066 788 prosec-

115 809 146 860 to
160 800 316 874 voluisses,
330 801 384 860 sed
399 801 536 876 certiore,
551 821 643 880 quam
659 811 804 880 expertus
819 823 860 876 es,
872 823 911 862 ne
923 814 1062 884 optasses
1094 811 1113 870 5

115 895 245 972 quidem.
286 894 355 954 Hac
378 895 510 974 epistula
535 904 670 973 accepta,
685 905 800 968 tamen,
816 896 900 975 quod
922 897 1065 972 dilueres,
1145 915 1148 919 ⁴

114 991 191 1050 bibi:
217 1001 250 1051 et
272 1012 354 1051 nunc
376 993 475 1065 erede,
491 987 540 1051 me'
561 1011 622 1050 non
645 978 746 1052 minus
760 1012 816 1071 pro
830 1002 884 1052 tuat
897 992 958 1052 fide
972 1012 1065 1073 quam

113 1108 167 1167 pro
181 1099 251 1148 mea
271 1089 370 1147 salute
385 1108 451 1147 esse
466 1086 661 1147 sollicitum.”

151 1183 193 1243 X.
215 1185 301 1244 Haeo
323 1186 444 1245 locutus
464 1185 606 1243 dextram
620 1183 767 1263 Philippo
789 1183 886 1246 offert
918 1185 1065 1246 Ceterum

114 1291 200 1340 tanta
213 1281 260 1340 vie
275 1282 493 1340 medicamenti
506 1280 575 1353 suit,
589 1290 633 1354 ut,
648 1299 726 1358 quae
745 1290 853 1341 secuta
874 1291 955 1357 sunt,
970 1282 1066 1342 crimi-
1075 1288 1113 1350 10

113 1377 269 1437 nationem
291 1377 503 1436 Parmenionis
526 1377 710 1436 adiuveriut.
764 1376 953 1438 Interclusus
983 1378 1066 1457 spiri·

113 1485 162 1533 tus
173 1484 237 1533 arte
251 1474 384 1533 meabat.
418 1473 488 1532 Nec
502 1473 665 1551 Philippus
685 1468 849 1552 quicquam
869 1474 1066 1554 inexpertum

113 1570 223 1630 omisit.
265 1570 322 1630 Ille
342 1570 480 1630 fomenta
498 1570 617 1649 corpori
640 1570 795 1644 admovit3
817 1570 868 1631 ille
890 1580 1066 1651 torpentem

112 1687 195 1726 nuuc
208 1667 276 1740 eibi,
291 1688 373 1726 nunc
386 1667 451 1725 vini
466 1667 560 1726 odore
575 1666 732 1725 excitavit.
765 1666 872 1746 Atque
887 1677 922 1727 ut
933 1668 1065 1746 primum

112 1764 225 1822 mentis
240 1774 414 1843 compotem
430 1782 496 1821 esse
512 1763 618 1835 sensit,
631 1763 723 1822 modo
739 1763 845 1822 matris
857 1783 1065 1844 sororumque,
1076 1781 1112 1840 15

111 1860 206 1919 modo
225 1868 330 1919 tantae
346 1858 491 1918 victoriae
513 1858 982 1937 adpropinquantis·admonere
1003 1880 1066 1920 nou

112 1956 241 2016 destitit.
282 1954 418 2016 Ut·vero
439 1955 700 2014 medicamentum
716 1975 749 2014 se
764 1956 888 2016 diffudit
907 1957 939 2016 in
961 1976 1066 2031 venas,

111 2064 145 2113 et
160 2054 270 2112 sensim
287 2063 355 2112 toto
370 2072 496 2130 corpore
508 2052 670 2111 salubritas
682 2051 795 2131 percipi
810 2052 921 2131 potuit,
931 2054 1066 2133 primum

111 2151 233 2209 animus
249 2150 386 2229 vigorem
403 2169 503 2222 suum,
518 2148 630 2206 deinde
646 2167 757 2226 eorpus
772 2169 895 2228 quoque
909 2160 1066 2230 exspecta·

109 2248 197 2307 tione
211 2246 361 2306 maturius
376 2246 585 2323 recuperavit:
607 2244 721 2323 quippe
743 2257 814 2324 post
833 2246 959 2306 tertium
974 2247 1113 2321 diem,20

109 2363 205 2422 quam
232 2342 262 2401 in
292 2343 351 2401 hoc
378 2354 464 2401 statu
491 2341 600 2413 fuerat,
635 2343 666 2400 in
702 2339 899 2420 conspectum
932 2343 1065 2403 rnilitum

107 2440 206 2499 venit.
246 2439 280 2498 N
282 2460 316 2499 ee
331 2438 450 2498 avidius
465 2438 565 2517 ipsum
581 2456 695 2516 regem,
716 2456 809 2515 quam
823 2438 1012 2516 Philippum,
1023 2438 1066 2497 in-

106 2536 257 2596 tuebatur
278 2535 449 2595 exercitus:
470 2553 526 2613 pro
549 2553 581 2593 se
606 2522 736 2611 quisque
757 2532 899 2591 dextram
921 2532 987 2593 eius
1006 2552 1065 2592 am·

105 2630 193 2709 plexi
207 2639 310 2708 grates
326 2629 481 2688 habebant
495 2628 582 2687 velut
596 2627 751 2705 praesenti
768 2627 836 2685 dec.

137 2788 162 2832 4.
177 2787 421 2846 animum-meum]
463 2787 515 2832 ‘To
525 2789 573 2832 test
632 2784 668 2829 24.
682 2783 773 2844 pratee]
797 2784 822 2829 Is
834 2784 994 2842 particularly
1003 2785 1065 2831 used

104 2870 154 2914 my
174 2858 315 2904 confidenee
332 2859 355 2902 in
371 2857 574 2913 you.'-aho-
602 2854 632 2900 os
646 2854 737 2899 thanke
754 2858 780 2899 to
798 2855 839 2900 the
855 2856 925 2911 gods.
965 2854 1065 2901 Gratiae

104 2924 236 2983 voratos]
249 2926 323 2971 ‘You
334 2925 418 2970 would
428 2925 490 2970 have
500 2924 572 2969 wish-
601 2938 680 2983 apere,
702 2928 727 2968 to
746 2924 802 2981 give
821 2924 911 2969 thauks
926 2924 952 2969 in
970 2924 1064 2977 words;

104 2994 139 3040 ed
149 2994 193 3038 the
203 2995 257 3038 trial
266 2994 339 3039 made
349 2995 374 3037 ln
386 2994 490 3038 another
500 2994 571 3049 way.'
601 2990 693 3049 referre
702 2990 818 3049 pretium,
829 2994 855 3035 to
865 2992 938 3037 make
952 3004 968 3037 a
982 2992 1064 3049 requi·

137 3062 160 3109 7.
173 3076 221 3119 pro
240 3066 284 3107 tud
302 3062 367 3121 fide]
419 3061 484 3108 'shut
507 3073 572 3117 your
600 3057 1065 3120 ta1;hoter09ratiam,or9rotes.to

103 3132 292 3186 fidolitytome
308 3131 542 3187 maybeapparent.
602 3127 651 3172 feel
675 3127 789 3183 grateful.
840 3128 916 3184 Here,
941 3130 1063 3185 however,

137 3200 175 3243 ll.
191 3198 341 3257 minuerint]
394 3200 410 3243 t.
430 3210 451 3243 e.
473 3197 572 3242 seemed
599 3201 680 3255 prutes
690 3196 775 3241 habere
789 3203 858 3242 must
874 3210 947 3243 mean
964 3199 1006 3243 the
1020 3209 1064 3243 ex-

102 3273 133 3314 to
141 3269 247 3313 confirm
255 3268 297 3313 the
308 3268 375 3313 truth
384 3268 413 3312 of
421 3268 462 3312 thc
473 3268 571 3323 charge.
602 3267 712 3323 pressiou
723 3267 751 3311 of
765 3267 807 3313 the
817 3268 949 3324 gratitudo.
956 3290 986 3299 -
991 3281 1064 3329 juce·

137 3337 175 3380 12.
190 3335 253 3395 orte]
284 3335 514 3391 ‘Withdifficulty.'
602 3337 664 3381 senti
674 3335 727 3395 deo]
757 3336 809 3383 The
829 3340 939 3383 unoicuts
958 3334 1064 3393 thought

138 3405 177 3449 18.
193 3405 333 3463 arlubritaa]
361 3405 376 3448 i.
388 3417 410 3450 e.
421 3405 463 3449 tho
474 3405 573 3462 hesling
603 3406 658 3450 that
673 3406 714 3451 the
729 3406 792 3461 gode
807 3406 929 3462 appeared
940 3406 964 3450 in
975 3416 1064 3461 person

100 3485 194 3532 power
204 3475 232 3518 ot'
244 3473 286 3518 the
296 3473 389 3530 potiori.
603 3474 707 3520 tothose
719 3472 800 3520 whom
809 3475 867 3531 they
875 3474 969 3519 wished
980 3471 1063 3517 touid.

394 3589 411 3645 8
