2492 3900
186 193 244 256 108
392 194 425 257 o.
440 155 576 248 'curru
598 194 688 247 nusr
711 193 762 246 nn
786 192 916 246 onsnrs

184 389 236 430 sae
256 371 451 433 subiciebant
472 371 586 452 ignem,
605 391 644 432 ne
666 373 847 452 opulentum
866 372 1015 452 oppidum
1038 372 1139 434 hostis

184 467 352 528 invaderet.
392 469 440 529 At
456 470 516 543 ille,
530 469 732 530 Parmenione
753 470 793 528 ad
817 470 1019 530 inhibendum
1040 471 1140 530 incen-

185 564 271 624 dium
285 585 354 626 cum
369 566 513 646 expedita
526 587 620 626 manu
630 567 807 645 praemisso,
817 575 982 646 postquam
992 568 1139 628 barbaros

185 661 321 721 adventu
336 683 461 722 suorum
474 663 598 742 fugatos
613 682 682 722 esse
696 663 851 741 cognovit,
865 664 974 722 urbem
989 683 1007 722 a
1021 684 1053 723 se
1068 684 1140 723 con-

156 766 338 827 acervorum
352 758 454 824 intrat.

224 853 268 914 Il.
288 853 426 914 Mediam
435 855 563 935 Cydnus
576 861 683 931 amnis,
693 857 731 917 de
743 877 804 937 quo
819 858 924 936 paullo
936 867 1008 917 ante
1020 855 1140 918 dictum
1242 886 1243 949 ᾗ

183 959 241 1025 est,
255 951 412 1027 interfluit,
427 964 459 1014 et
473 963 547 1014 tunc
561 964 663 1014 aestas
678 965 751 1029 erat,
766 954 853 1014 cuius
868 956 951 1015 calor
964 975 1026 1014 non
1049 956 1140 1014 aliam
1242 966 1243 977 ¹

184 1048 283 1127 magis
297 1069 390 1128 quam
405 1050 529 1111 Ciliciae
544 1071 630 1110 oram
644 1071 757 1131 vapore
773 1052 845 1112 solis
868 1052 1017 1126 accendit,
1032 1060 1064 1112 et
1078 1051 1141 1111 diei

184 1145 420 1206 fervidissimum
454 1157 577 1226 tempus
611 1157 763 1227 coeperat.
818 1148 951 1209 Pulvere
986 1149 1077 1209 simul
1105 1168 1141 1209 ao

137 1247 175 1308 10
184 1242 296 1302 sudore
322 1243 480 1322 perfusum
507 1263 612 1323 regem
639 1244 784 1305 invitavit
811 1246 912 1325 liquor
938 1246 1081 1320 fluminis,
1104 1256 1141 1306 ut

184 1338 319 1400 calidum
341 1340 442 1401 adhuc
456 1360 566 1420 corpus
580 1342 728 1403 ablueret.
761 1342 872 1422 Itaque
888 1354 975 1404 veste
993 1342 1141 1423 deposita,

184 1435 217 1495 in
232 1446 399 1516 conspectu
410 1438 550 1517 agminis,
558 1430 599 1484 —ss
608 1438 753 1499 decorum
765 1459 887 1518 quoquc
898 1440 1036 1514 futurum
1047 1449 1140 1514 ratus,

185 1532 212 1592 si
226 1533 412 1594 ostendisset
426 1535 496 1609 suis,
509 1534 571 1594 levi
585 1545 618 1595 et
631 1536 760 1614 parabili
774 1537 859 1596 cultu
874 1535 1009 1616 corporis
1025 1556 1058 1596 se
1074 1555 1140 1598 esse
1242 1568 1243 1575 ο

186 1630 593 1707 contentum—deseendit
618 1632 651 1691 in
678 1632 802 1693 flumen.
857 1632 982 1713 Vixque
1010 1633 1141 1712 ingressi

139 1725 176 1786 15
187 1727 289 1788 subito
315 1729 440 1788 horrore
464 1738 548 1788 artus
572 1729 671 1808 rigore
696 1739 881 1808 coeperunt:
910 1730 1009 1810 pallor
1029 1730 1140 1789 deinde
1241 1747 1242 1792 5

187 1826 319 1886 suffusus
334 1835 390 1899 est,
404 1835 436 1885 et
451 1835 552 1885 totum
566 1825 789 1904 propemodum
811 1845 921 1905 corpus
937 1826 1039 1886 vitalis
1059 1827 1142 1886 calor
1237 1864 1243 1867 ι

187 1925 318 2006 reliquit.
359 1923 540 2003 Exspiranti
563 1923 694 1983 similem
709 1922 842 1983 ministri
862 1943 956 1983 manu
982 1923 1141 2003 excipiunt
1242 1934 1243 1941 ’

187 2044 244 2083 nec
258 2023 333 2083 satis
347 2031 522 2101 compotem
536 2020 650 2080 mentis
664 2020 696 2079 in
711 2021 943 2080 tabernaculum
959 2021 1110 2081 deferunt.

63 2198 66 2201 ἢ
226 2120 288 2181 ΙΙΙ.
309 2120 424 2200 Ingens
439 2118 615 2179 sollicitudo
630 2126 662 2178 et
676 2136 774 2197 paene
794 2117 855 2175 iam
873 2116 973 2177 luctus
987 2118 1019 2177 in
1035 2118 1140 2177 castris

138 2219 261 2279 20erat
301 2216 429 2276 Flentes
452 2215 665 2295 querebantur,
687 2213 717 2272 in
742 2222 830 2273 tanto
853 2213 970 2293 impetu
991 2233 1139 2293 cursuque

187 2335 289 2374 rerum
311 2312 411 2373 omnis
434 2312 545 2372 aetatis
566 2330 603 2370 ac
623 2309 790 2370 memoriae
812 2310 1016 2370 clarissimum
1037 2330 1140 2389 regem

187 2432 250 2472 non
263 2410 295 2470 in
309 2410 374 2469 acie
387 2409 505 2481 saltem,
524 2427 586 2466 non
601 2406 641 2465 ab
654 2406 743 2466 hoste
758 2406 920 2481 deiectum,
942 2405 997 2466 sed
1020 2406 1141 2466 abluen-

215 2574 237 2620 2.
252 2571 425 2630 Parmenione]
457 2570 648 2615 Parmeniowas
678 2569 836 2626 itbecoming
851 2567 904 2614 irim
920 2572 947 2614 ιο
962 2567 1139 2625 disregardthe

186 2658 233 2692 one
243 2645 273 2691 of
287 2645 328 2689 the
344 2646 410 2688 most
426 2640 606 2697 distinguished
622 2639 652 2687 of
678 2638 855 2697 upplisnccsof
867 2638 971 2693 luxury.

186 2711 351 2760 Alexander’s
365 2710 485 2769 generals.
707 2708 743 2754 13.
758 2708 824 2753 culta
833 2704 950 2763 corporis]
970 2704 1047 2751 ‘Care
1058 2705 1087 2750 of
1098 2706 1140 2751 the

215 2783 237 2829 ³.
252 2781 374 2840 barbaros]
405 2779 422 2825 1.
437 2792 458 2825 ο.
470 2780 512 2825 the
523 2778 648 2825 Parsiana,
677 2774 789 2835 persom’
810 2774 911 2819 Curtius
922 2772 972 2818 bad
983 2773 1008 2817 in
1019 2774 1087 2818 mind
1099 2774 1140 2818 the

215 2850 238 2895 6.
255 2847 373 2907 Mediam]
405 2846 542 2893 Soarbem.
678 2844 832 2892 luxuriosos
844 2843 1075 2889 tthomanhath.

215 2922 238 2970 7.
253 2920 322 2966 cuias
341 2919 417 2977 calor]
448 2914 554 2964 Kinneir
576 2930 648 2975 says=
707 2915 742 2961 18.
758 2928 801 2959 aec
816 2912 881 2959 satir
893 2917 1023 2969 compotem
1042 2910 1137 2970 arentis]

188 2990 256 3035 ‘The
266 3002 314 3034 sun
324 3000 375 3033 was
382 2992 425 3032 too
431 2986 550 3043 powerful
559 2988 650 3043 during
679 2984 806 3041 ‘scarcely
817 2982 939 3038 retaining
951 2982 989 3025 his
1001 2982 1139 3027 consolaus-

187 3061 230 3105 the
250 3060 300 3115 day
317 3062 343 3103 to
363 3056 442 3103 admit
461 3056 489 3102 of
511 3067 554 3113 my
574 3056 649 3113 going
678 3051 751 3098 nese!

187 3128 296 3175 abroudss
708 3120 743 3165 19.
759 3118 846 3177 luctas]
879 3116 1024 3174 ‘Wailing’

141 3218 174 3261 a
215 3198 238 3244 8.
252 3195 350 3256 vapore]
382 3194 481 3240 ‘Horat'
706 3186 741 3233 20.
757 3188 848 3245 impeta
883 3201 1001 3245 curruque
1048 3185 1139 3245 rerum]

217 3267 253 3311 10.
265 3262 405 3328 perfusam]
427 3264 450 3308 Α
461 3274 580 3318 zeugma3
593 3275 648 3319 per-
679 3258 777 3314 ‘Rapid
787 3269 870 3303 career
881 3256 910 3301 of
917 3268 1024 3302 success.
1035 3255 1041 3275 ’

186 3336 276 3401 sacam
290 3333 406 3393 properly
421 3332 539 3389 applying
552 3331 612 3388 only
622 3337 649 3377 to
706 3326 742 3372 22.
757 3325 854 3385 radan]
872 3326 921 3370 ‘At
931 3325 1008 3379 least;
1019 3324 1025 3345 '
1036 3325 1051 3370 1.
1060 3337 1081 3370 e.
1092 3324 1142 3369 had

187 3400 412 3460 asama-liquor]
444 3399 605 3450 ‘Olearness'
678 3396 710 3442 hc
730 3396 807 3441 fallen
826 3395 852 3440 in
871 3394 956 3450 battle,
977 3395 1032 3441 that
1057 3394 1141 3441 would
1243 3440 1244 3455 p

217 3473 253 3520 12.
267 3468 389 3530 doronem]
410 3468 464 3516 'l'lrs
474 3468 535 3527 king
542 3467 650 3526 thought
679 3466 743 3512 have
754 3466 816 3511 been
826 3476 842 3511 a
851 3464 1012 3513 consolation.
