2492 3900
149 248 294 317 trs-stc]
368 246 728 328 METAMOBPHOSEON
750 248 863 302 LIBER
886 249 922 301 V.
1069 250 1108 312 69

150 419 231 481 Esse
245 419 329 482 Iovis
343 421 488 482 fratreml
530 420 612 494 Quid
630 421 713 501 quod
728 441 786 482 nec
800 431 903 482 cetera
917 421 1041 496 desunt,

149 517 223 578 Neo
237 519 321 578 cedit
334 519 392 577 nisi
407 531 489 578 sorte
504 519 588 577 mihi.
632 519 693 578 Sed
709 529 798 579 tauta
813 520 926 599 cupido

152 615 186 676 Si
203 615 259 675 tibi
274 616 394 675 discidii
410 627 464 690 est,
480 625 600 695 repetet
615 616 802 695 Proserpina
815 619 943 693 caelum,
963 669 967 676 .
1050 619 1107 678 190

150 711 238 792 Lege
253 723 357 772 tamen
373 724 465 786 certe,
480 713 506 771 si
521 714 620 772 nullos
636 714 767 792 contigit
780 715 842 774 illic

152 808 216 868 Ore
231 810 332 868 cibos:
354 829 425 868 nam
441 811 486 869 sic
500 809 666 869 Parcarum
681 811 805 870 foedere
820 821 945 871 cautum
960 811 1033 872 est.”

192 904 332 965 Dixerat.
372 907 420 965 At
435 906 537 966 Cereri
553 919 670 966 certum
686 918 732 966 est
747 909 877 968 educere
891 919 1005 969 natam.

150 1000 227 1062 Non
241 1002 286 1061 ita
299 1003 362 1061 suta
377 1002 491 1075 sinunt,
507 1003 650 1081 quoniam
667 1004 779 1062 ieiunia
793 1005 881 1083 virgo

153 1097 303 1172 Solverat,
318 1108 350 1157 et
365 1098 454 1157 cultis
469 1099 542 1157 dum
557 1099 690 1178 simplex
704 1110 786 1159 errat
800 1099 831 1159 in
846 1102 952 1176 hortis,
1047 1101 1104 1161 195

151 1191 342 1254 Poeniceum
357 1206 450 1254 curvet
464 1195 659 1274 decerpserat
674 1197 781 1256 arbore
796 1217 931 1276 pomum,

152 1289 344 1370 Sumptaque
359 1292 487 1370 pullenti
500 1303 620 1369 septem
636 1293 674 1352 de
689 1293 802 1352 cortice
815 1312 912 1370 grana

151 1383 315 1445 Presserat
331 1405 382 1445 ore
397 1405 463 1446 suo.
506 1386 656 1465 Solusque
671 1406 711 1444 ex
725 1387 867 1446 omuibus
880 1386 956 1446 illud

150 1482 347 1561 Ascalaphus
359 1483 448 1556 vidit,
463 1503 554 1563 quem
569 1484 726 1563 quondam
741 1484 853 1543 dicitur
868 1485 1004 1564 Orphne,

151 1576 242 1639 Inter
254 1579 424 1640 Averueles
437 1580 520 1639 haud
534 1581 730 1659 ignotissima
743 1582 903 1660 nymphus,
1045 1582 1104 1643 200

152 1674 203 1734 Ex
217 1676 396 1736 Acheronte
411 1697 467 1758 suo
482 1677 567 1736 silvis
581 1678 737 1756 peperisse
751 1679 808 1739 sub
823 1679 916 1740 atris:

151 1771 253 1846 Vidit,
268 1782 300 1832 et
314 1773 429 1833 iudicio
443 1775 578 1832 reditum
594 1776 727 1834 crudelis
742 1776 866 1836 ademit.

152 1868 312 1950 Ingemuit
326 1873 432 1951 regina
446 1871 549 1944 Erebi,
564 1882 738 1951 testemque
753 1874 913 1952 profanam

151 1967 242 2027 Fecit
257 1987 355 2041 avem,
368 1988 569 2047 sparsumque
589 1980 683 2047 caput
697 1970 960 2047 Phlegethontide
979 1971 1106 2050 lymphis

151 2062 189 2122 In
205 2076 338 2123 rostrum
353 2074 384 2123 et
400 2066 519 2143 plumas
534 2074 566 2124 et
579 2065 709 2143 grandia
723 2066 839 2125 lumino
853 2066 955 2128 vertit.
1045 2065 1104 2126 205

152 2158 210 2222 Ille
225 2160 282 2219 sibi
298 2160 418 2220 ablatus
433 2162 525 2220 fulvis
540 2160 681 2220 amicitur
695 2160 734 2219 ab
749 2162 813 2235 alis,

152 2255 252 2335 Inque
267 2266 360 2336 caput
374 2243 490 2329 crescit,
505 2258 675 2336 longosque
689 2258 858 2318 reflectitur
871 2280 998 2337 ungues,
1057 2331 1061 2341 ι

149 2352 278 2432 Vixque
293 2362 399 2413 movet
413 2364 502 2413 nutas
516 2373 572 2433 per
584 2353 697 2413 inertis
710 2355 851 2414 bracchio
864 2376 999 2435 pennus:

182 2511 232 2557 188.
251 2510 316 2561 Quid
332 2511 406 2571 quod]
443 2512 534 2557 ‘What
549 2512 612 2557 shall
670 2513 722 2557 202.
741 2513 818 2571 Vidit]
859 2514 985 2569 Repented
1009 2526 1043 2559 ou
1065 2502 1106 2559 ηοξ

151 2594 190 2629 we
201 2594 245 2639 say
255 2586 282 2627 to
291 2582 340 2629 this
351 2580 420 2626 thet!
642 2587 718 2628 count
728 2583 757 2627 of
771 2584 813 2627 the
831 2583 891 2638 long
907 2582 1067 2638 parenthesis.
1075 2603 1106 2615 -

183 2652 232 2697 192.
249 2651 386 2697 Parcarum
404 2649 514 2709 foedere]
553 2650 613 2695 This
643 2652 757 2710 reditum]
789 2652 825 2695 Of
837 2650 993 2705 Proserpina.

152 2735 214 2769 even
225 2723 323 2780 Jupiter
334 2723 407 2768 could
418 2729 461 2767 not
471 2724 574 2777 ohanne.
672 2722 722 2766 203.
739 2720 825 2780 repina
838 2718 921 2777 Erebi]
953 2720 991 2765 cf.
1009 2732 1034 2764 v.
1054 2720 1103 2768 167.

183 2792 233 2838 193.
266 2793 501 2851 θονόνὶοενίαφηοεί]
525 2792 614 2838 ‘Ceres
643 2788 821 2851 -prosouam]
854 2789 1035 2834 ‘Ill-omeued.’
1075 2789 1106 2835 Iu

152 2862 314 2908 isresolved.’
642 2860 747 2903 another
756 2856 825 2914 place
836 2857 877 2902 the
887 2865 945 2915 poet
960 2858 1006 2903 has
1017 2857 1106 2921 profa-

183 2932 232 2978 195.
249 2931 329 2991 mltis]
369 2932 448 2977 ‘Well
467 2932 540 2977 enred
558 2929 613 2975 for!
642 2926 764 2973 neoterio.

152 2999 299 3060 -simplerd
332 2998 591 3045 ‘Inhorinuoceuce.'
672 2995 722 3039 206.
740 2994 897 3054 silicernius]
929 2994 1110 3051 ‘Depriredos

183 3070 232 3115 190.
249 3068 546 3127 Poeniceum—ponunt]
574 3068 614 3111 ‘A
644 3065 683 3109 his
694 3065 789 3109 natural
801 3064 953 3109 rorrn.’-ab
963 3065 1021 3124 alis]
1053 3065 1106 3109 Un-

152 3124 380 3196 pomepruunte.'—
387 3136 469 3195 march]
485 3140 498 3181 i.
508 3149 528 3181 e.
538 3134 614 3181 bend·
645 3135 715 3178 usual
727 3134 765 3178 for
775 3135 816 3179 the
827 3134 915 3190 simple
925 3135 1039 3179 ithlntive.

152 3208 195 3263 lut:
206 3209 286 3253 under
296 3209 326 3252 its
337 3207 468 3252 imulensi
476 3207 542 3251 fruit.
674 3201 724 3249 207.
740 3202 771 3246 Iu
785 3207 857 3258 eaput
875 3202 970 3261 erescit]
1002 3203 1106 3247 ‘Grows

182 3276 231 3321 200.
248 3276 390 3334 Auernales]
417 3276 614 3326 LuheAvcmus,
645 3271 799 3324 tohmd3'i
819 3284 841 3317 e.
856 3272 898 3315 the
915 3271 979 3317 houd
993 3272 1106 3316 becomes

152 3346 178 3393 iu
194 3347 336 3403 Componis,
354 3344 475 3403 supposed
491 3345 557 3388 tohu
573 3343 615 3387 the
645 3341 809 3396 inordinately
821 3342 894 3397 large.

153 3425 268 3465 entrance
284 3425 309 3461 to
325 3417 366 3461 the
382 3414 486 3459 infernal
502 3413 608 3466 regions.
674 3409 724 3454 208.
739 3406 980 3466 notos-hraeekia]
1027 3407 1107 3452 ‘Thnt

181 3485 232 3531 201.
249 3482 392 3542 Acheronte]
424 3484 447 3527 A
464 3482 529 3527 river
538 3481 563 3525 in
573 3481 616 3525 tho
645 3490 712 3535 grew
731 3482 776 3523 ont
794 3478 828 3523 ull
847 3488 907 3523 over
930 3477 971 3521 his
995 3475 1106 3534 slnggish

152 3554 230 3601 lower
240 3553 331 3605 world;
342 3553 401 3599 here
411 3551 453 3597 the
464 3548 595 3607 river-god.
646 3545 728 3592 urms.³
