2492 3900
317 178 533 256 sannarum
556 205 677 257 usum
700 205 811 256 mnan
833 205 868 256 v.
1009 203 1067 263 123

111 381 272 461 Babylone
285 394 477 462 regnantem,
492 383 552 441 hoo
573 402 651 460 opus
662 401 729 441 esse
744 381 885 441 molitum
901 379 1068 440 memoriae

111 481 268 560 proditum
293 489 348 554 est,
372 501 475 540 amore
504 480 643 558 coniugis
666 479 793 551 victum,
815 498 893 558 quae
914 478 1068 539 desiderio

111 598 272 638 nemorum
301 578 509 657 silvarumque
544 577 576 635 in
610 577 834 654 campestribus
862 576 937 634 locis
967 576 1068 635 virum

111 675 261 754 compulit
293 674 511 734 amoenitatem
547 685 673 732 naturae
705 693 819 752 genere
846 673 938 732 huius
968 673 1068 752 operis

111 771 235 831 imitari
674 845 680 851 ι

544 899 588 963 [v.
607 901 647 965 2·]

152 1001 231 1061 VH.
251 1000 379 1078 Iamque
395 998 473 1057 Susa
488 999 669 1057 Alexandro
685 997 805 1057 adituro
824 1000 977 1071 Abulites,
992 999 1070 1079 regi·

113 1093 182 1152 onis
206 1092 271 1149 eius
284 1090 465 1167 praefectur,
489 1089 554 1148 sive
572 1088 667 1148 Darei
686 1089 780 1161 iussu,
798 1100 834 1149 ut
856 1091 1069 1150 Alexandrum

113 1188 231 1268 praeda
250 1185 406 1257 retineret,
427 1185 493 1244 sive
512 1195 567 1244 sua
590 1196 701 1262 sponte
722 1185 819 1243 filium
842 1187 963 1246 obviam
979 1188 1070 1260 misit,

114 1284 303 1345 traditurum
330 1302 362 1341 se
390 1282 498 1340 urbem
525 1281 716 1360 promittens.
758 1281 899 1360 Benigne
927 1284 1071 1343 iuvenem

114 1379 238 1458 excepit
257 1398 321 1455 rex,
336 1387 368 1437 et
389 1377 499 1436 eodem
521 1378 599 1436 duce
621 1377 661 1435 ad
683 1377 846 1457 Choaspen
859 1399 992 1441 ‚amnem
1007 1401 1071 1459 per·
1081 1395 1118 1455 10
1191 1413 1197 1429 ·

114 1477 209 1549 venit,
231 1476 404 1547 delicatam,
424 1483 458 1533 ut
479 1474 561 1532 fama
581 1484 639 1547 est,
661 1475 826 1534 vehentem
848 1497 968 1556 aquam.
1010 1477 1071 1538 Hic

114 1574 259 1633 Abulites
273 1592 345 1630 cum
368 1570 456 1629 donis
479 1570 591 1648 regalis
614 1571 790 1649 opulentiae
813 1575 952 1634 occurrit.
994 1574 1071 1634 Dro

115 1670 222 1729 mades
236 1667 345 1726 cameli
358 1667 439 1726 inter
453 1666 535 1724 dona
545 1677 642 1740 erant,
657 1669 830 1728 velocitatis
844 1671 981 1744 eximiae,
997 1671 1071 1730 duo-

116 1767 217 1827 decim
232 1763 388 1842 elephanti
410 1770 429 1822 ἐι
450 1763 553 1822 Dareo
574 1783 612 1822 ex
634 1763 726 1824 India
748 1767 845 1840 acciti,
860 1767 922 1827 ium
937 1787 998 1826 non
1014 1778 1071 1825 ter·

116 1883 175 1935 ror,
186 1871 221 1920 ut
235 1871 419 1939 speraverat,
433 1859 648 1934 Macedonum,
663 1863 719 1921 sed
736 1864 891 1937 arrxilium,
907 1885 981 1944 opes
996 1864 1069 1923 victi
1082 1869 1119 1930 15

118 1960 158 2019 ad
179 1958 327 2018 victorem
352 1960 555 2017 transferente
577 1956 718 2019 fortunas
751 1960 799 2043 Ut
814 1982 886 2021 vero
909 1962 1013 2021 urbem
1029 1962 1072 2020 in·

117 2056 221 2129 travit,
248 2055 458 2114 incredibilem
486 2075 526 2113 ex
557 2057 710 2116 thesauris
745 2078 896 2117 summam
925 2057 1071 2137 pecuniae

119 2153 241 2249 egessit,
266 2151 488 2231 quinquaginta
508 2151 593 2238 rpilia
614 2154 768 2213 talentum
790 2155 910 2233 argenti
931 2175 992 2214 non
1012 2154 1072 2234 sig-

119 2250 184 2311 nati
196 2250 302 2321 forma,
317 2249 373 2308 sed
386 2249 455 2307 rudi
469 2250 614 2327 pondere.

159 2344 254 2407 VIII.
274 2344 368 2405 Multi
382 2365 469 2425 reges
479 2354 588 2404 ‘tantas
599 2366 673 2424 opes
685 2345 778 2425 longa
790 2358 890 2407 aetate
901 2349 1072 2407 cumulave-
1081 2350 1120 2410 20

119 2453 191 2503 rant
205 2444 307 2502 liberis
321 2442 524 2521 posterisque,
535 2451 570 2500 ut
586 2442 822 2517 arbitrabantur,
834 2464 909 2522 quas
924 2464 983 2502 una
997 2445 1072 2503 hora

120 2540 152 2599 in
181 2538 302 2599 externi
328 2537 410 2616 regis
436 2556 543 2595 manus
571 2536 684 2595 intulit.
728 2538 877 2599 Consedit
901 2540 1013 2598 deinde
1040 2540 1072 2598 in

120 2636 206 2715 regia
219 2635 295 2695 sella
308 2634 406 2692 multo
421 2631 597 2704 excelsiore,
613 2652 707 2709 quam
728 2654 784 2712 pro
805 2634 912 2693 habitu
931 2636 1072 2713 corporis.

121 2732 232 2813 Itaque
257 2751 328 2791 oum
354 2730 450 2809 pedes
471 2728 569 2786 imum
596 2728 728 2808 gradum
758 2751 819 2789 non
849 2732 1073 2811 contingerent,

276 2920 359 2953 mann
374 2919 398 2963 v,
410 2916 430 2954 2.
612 2906 806 2965 Perslsnlrlngs.
836 2908 874 2954 On
886 2910 948 2955 their
953 2910 1073 2968 joumeys

319 3013 421 3055 mmmm
446 3010 488 3055 the
513 3007 584 3066 Μαι
613 2978 633 3023 it
645 2992 693 3024 was
704 2980 798 3025 carried
809 2979 867 3024 with
883 2980 951 3025 them
962 2981 1001 3026 for
1011 2982 1075 3027 their

613 3061 666 3095 nse.

152 3012 296 3059 Alexander

122 3081 384 3171 thwssrsssffl—
624 3120 626 3124 ·
645 3121 679 3165 12.
696 3121 842 3180 Dromades]
876 3120 997 3165 soeauen
1012 3121 1075 3165 from

153 3196 175 3242 8.
187 3194 292 3255 praeda]
338 3194 585 3240 i.c.wntleA1exan-
615 3192 680 3237 their
690 3193 820 3255 swiltness.

125 3267 169 3313 der
179 3278 229 3310 was
239 3264 348 3321 engaged
361 3265 384 3309 ln
396 3264 526 3320 collectiug
544 3264 586 3308 the
647 3262 681 3307 18,
696 3276 744 3307 non
760 3260 851 3317 rimati
860 3259 960 3320 forma]
1008 3258 1076 3303 ‘Un-

125 3337 209 3391 booty,
220 3335 253 3380 hc
261 3334 337 3379 could
347 3345 442 3388 escape.
617 3330 744 3385 stamped‚‘
756 3332 761 3354 ¹
771 3328 883 3373 bullion)

66 3436 69 3443 .
156 3405 191 3449 10.
209 3403 344 3461 Choaspen]
385 3402 438 3447 The
461 3406 538 3446 water
561 3400 591 3445 of
645 3398 681 3441 24.
697 3396 774 3441 imum
789 3394 904 3453 pradum]
937 3393 1004 3438 ‘The
1025 3398 1078 3448 step

126 3473 169 3520 the
185 3472 310 3530 Choaspes
329 3482 381 3517 was
400 3470 486 3517 sacred
503 3475 530 3516 to
546 3470 587 3514 the
616 3469 679 3513 next
688 3466 731 3511 the
740 3467 835 3511 bottom
845 3462 874 3508 of
882 3462 923 3507 the
933 3460 1039 3506 throno)
