2492 3900
209 248 268 308 128
422 249 455 310 Q.
480 247 608 300 GURTII
631 247 719 300 RUFI
742 247 793 298 DE
816 247 947 302 Gustus

207 423 354 503 cuiusque
375 405 486 484 merito
508 423 604 485 dedit
645 423 877 505 Propemodum
894 425 1007 502 omnia,
1028 445 1106 508 quaa
1126 427 1157 489 in

207 531 243 580 ea
258 521 332 578 urbe
347 531 480 597 ceperat,
496 521 670 582 distributa.
727 532 730 538 '

245 614 337 676 XVI.
380 616 526 676 Ceterum
539 618 677 697 ingentia
692 618 786 678 animi
800 620 890 693 bona,
909 619 994 680 illam
1015 620 1155 696 indolem,

206 724 267 793 qua
282 732 389 773 omues
404 729 492 791 reges
504 714 679 788 antecessit,
690 715 774 775 illam
788 716 820 775 in
835 716 1002 776 subeundis
1015 717 1155 796 perieulis

179 806 421 880 boonstantiam,
434 806 466 867 in
483 806 573 867 rebus
588 808 750 868 moliendis
766 809 994 889 efficiendisque
1015 811 1157 870 velooita·

204 904 463 977 semisomnos
484 904 587 977 fidem,
610 904 642 963 in
666 905 805 983 captivos
829 906 1033 980 elementiam,
1056 907 1088 966 in
1104 928 1154 966 vo-

204 1000 375 1079 luptatibus
391 1000 546 1079 permissis
570 1020 692 1079 quoque
715 1011 747 1060 et
770 1001 891 1060 usitatis
913 1002 1156 1081 temperantiam,

204 1097 286 1156 haud
314 1097 466 1157 tolerabili
494 1096 557 1156 vini
587 1094 759 1176 eupiditate
790 1098 935 1158 foedavit.
997 1099 1098 1159 Hoste
1124 1110 1156 1161 et

205 1195 329 1254 aemulo
340 1185 428 1273 regni
442 1203 604 1273 reparante
620 1203 687 1254 tum
701 1195 835 1256 maxime
845 1195 968 1270 bellurn,
978 1216 1076 1275 nuper
1089 1196 1156 1256 sub

158 1301 195 1361 10
205 1292 290 1365 aetia,
304 1312 381 1370 quos
395 1291 520 1365 vicerat,
535 1311 713 1370 novumque
738 1291 889 1370 inperium
912 1293 1156 1370 aspernantibus,

204 1389 243 1449 de
257 1389 308 1449 die
322 1389 420 1449 inibat
444 1388 595 1461 convivia,
610 1389 721 1467 quibus
743 1388 875 1447 feminae
896 1388 1073 1463 intererant,
1094 1409 1155 1448 non

204 1487 337 1566 quidem,
352 1505 427 1566 quas
447 1484 553 1545 violan‘
576 1486 662 1545 nefas
683 1493 772 1558 esset,
788 1485 901 1564 quippe
922 1485 1053 1563 pellices,
1067 1485 1157 1546 liuen-

204 1583 274 1656 tius,
288 1603 381 1662 quam
402 1583 539 1656 decebat,
561 1602 631 1642 oum
654 1591 772 1667 armato
787 1581 891 1641 vivere
911 1582 1067 1642 adsuetae.
1106 1581 1156 1640 Ex

203 1680 251 1738 his
265 1699 326 1739 una
340 1679 443 1753 Thala,
458 1688 490 1739 et
504 1679 571 1758 ipsa
586 1679 767 1752 temulenta,
779 1678 945 1738 maximam
959 1679 1039 1756 apud
1051 1697 1157 1738 omnes

157 1782 195 1842 15
205 1776 338 1836 Graecos
352 1776 500 1836 initurum
514 1777 646 1856 gratiam
657 1776 808 1849 adfirmat,
823 1775 849 1834 si
863 1775 977 1854 regiain
995 1773 1157 1833 Persarum

202 1873 339 1933 iussisset
353 1873 494 1946 incendi:
511 1882 688 1952 exspectare
704 1873 762 1932 boo
776 1891 839 1945 eos,
850 1891 980 1952 quorum
993 1871 1083 1930 urbes
1094 1870 1159 1930 bar·

203 1971 267 2031 bari
283 1971 446 2031 delessent.
710 1960 715 1967 ¹

242 2067 353 2128 XVII.
374 2068 486 2128 Ebriae
509 2066 628 2126 mulieri
643 2066 681 2125 de
696 2074 783 2126 tanta
798 2084 829 2125 re
844 2065 955 2125 ferenti
970 2065 1158 2126 sententiam

204 2185 283 2226 unus
297 2176 329 2225 et
345 2166 431 2238 alter,
444 2176 477 2224 et
490 2164 549 2243 ipsi
571 2182 657 2223 mero
672 2162 798 2236 onerati,
820 2161 1046 2223 adsentiuntur.
1087 2162 1158 2221 Rex

155 2279 194 2337 20
204 2281 325 2339 quoque
340 2261 460 2319 avidior
472 2260 539 2333 fuit,
554 2279 646 2339 quarn
668 2258 854 2337 patientior:
876 2265 893 2294 “
903 2258 986 2329 Quin
1009 2258 1102 2337 igitur·
1117 2259 1160 2318 ul·

204 2357 346 2417 eisoimur
360 2357 530 2430 Graeciam,
549 2368 581 2415 et
596 2354 663 2416 urbi
684 2354 766 2413 faces
794 2354 1000 2415 subdimus?”
1042 2355 1160 2415 Omnes

203 2454 393 2514 incaluerant
407 2473 511 2513 mero:
531 2453 636 2532 itaque
660 2460 793 2530 surgunt
816 2451 980 2511 temulenti
1002 2451 1041 2511 ad
1056 2452 1159 2511 incen-

217 2614 253 2665 ,3.
269 2614 461 2673 illamiadolem]
476 2614 479 2623 '
500 2611 665 2670 ‘Thatgisted
724 2611 759 2656 16.
774 2608 881 2670 barban]
913 2611 944 2656 In
954 2612 996 2656 the
1005 2623 1068 2655 wars
1079 2610 1160 2669 previ·

202 2684 306 2729 nature)
694 2680 767 2736 ously
782 2681 877 2725 carried
889 2694 921 2725 on
933 2682 956 2725 in
969 2681 1069 2726 Greece.

231 2753 254 2798 5.
270 2751 408 2810 moliendis]
427 2751 472 2795 ‘ln
483 2746 664 2803 undertaking!
724 2750 759 2793 19.
775 2764 838 2795 aaut
847 2755 869 2795 et
877 2750 947 2809 alter]
981 2750 1160 2795 ‘Oneandan-

231 2821 253 2867 9.
269 2821 372 2879 aemulo]
392 2816 664 2875 Darius-«mpetrat-
692 2819 780 2874 other‚’
801 2820 817 2865 i.
833 2831 853 2865 e.
865 2832 897 2865 an
909 2820 1033 2865 indefinite
1044 2822 1160 2865 number.

202 2891 274 2949 acas]
314 2890 380 2935 ‘Not
403 2893 446 2945 yet
469 2887 613 2933 babituuted
637 2890 664 2931 to
692 2886 805 2945 —meroJ
837 2888 1070 2934 ‘Unmlxedwine'

203 2960 304 3015 bearing
315 2959 356 3002 tho
365 2958 446 3014 yoke.’
724 2955 762 3000 20.
777 2956 947 3019 auidiorsuit]
981 2957 1162 3013 ‘Eugerlyad-

232 3027 267 3073 ll.
282 3028 312 3071 de
321 3026 370 3083 die]
402 3026 448 3071 ‘In
475 3025 517 3070 the
539 3023 665 3081 daytime,'
695 3027 787 3082 opted,'
804 3028 882 3084 urged
893 3040 925 3072 on
939 3030 971 3083 by
982 3028 1044 3071 wine
1055 3028 1104 3071 and
1117 3027 1161 3071 the

202 3095 286 3140 before
301 3094 342 3139 the
354 3095 424 3138 usual
434 3095 501 3138 time.
510 3092 663 3151 -semiaae]
695 3097 776 3141 words
796 3097 825 3142 ol
838 3097 922 3143 Thais.
962 3097 1008 3141 See
1033 3094 1162 3151 Dryden's

202 3163 343 3218 According
358 3165 384 3207 to
401 3162 442 3207 the
458 3169 554 3206 custom
569 3163 598 3207 of
620 3164 663 3208 tho
696 3165 872 3211 ‘Alexander’s
889 3166 1095 3223 Feust.’-quum
1112 3179 1161 3221 pa·

202 3232 281 3286 timeo,
299 3243 333 3276 no
343 3231 425 3277 chaale
441 3245 538 3277 woman
549 3233 622 3278 could
633 3234 663 3279 be
693 3233 801 3291 tientior]
824 3238 830 3259 ‘
841 3234 934 3278 Ratlrer
944 3236 1004 3279 than
1015 3234 1106 3291 simply
1119 3246 1162 3278 ac-

202 3305 361 3358 presentata
372 3303 485 3357 lranquet.
694 3302 780 3358 cepted
791 3303 833 3347 the
849 3301 979 3357 proposui·
988 3324 1017 3334 -
1026 3292 1103 3367 Qarr'n]
1133 3302 1162 3347 Is

232 3369 267 3413 15.
282 3368 411 3425 initurum]
460 3368 526 3411 Inire
547 3371 663 3426 qratiam,
691 3368 775 3425 joined
787 3368 844 3413 with
855 3370 896 3413 tho
905 3370 1035 3415 indicative
1047 3371 1072 3414 in
1084 3382 1162 3426 ques-

203 3436 255 3481 ‘To
264 3444 305 3491 get
315 3436 367 3479 into
376 3436 417 3479 tlre
428 3435 494 3491 good
509 3436 609 3491 maces:
624 3440 664 3481 ‘to
693 3439 758 3482 ttons
781 3438 871 3490 havinu
896 3451 910 3482 a
934 3437 1055 3485 hortativa
1076 3440 1162 3494 lorum

202 3506 287 3552 obtain
298 3505 339 3549 tlre
350 3504 472 3549 favores)
695 3508 767 3561 ‘wlry
776 3511 819 3550 not
830 3506 888 3551 then
898 3506 919 3550 i'
