2492 3900
182 262 243 323 246
446 264 485 315 Μ.
509 264 636 318 TULLII
660 264 856 317 CICERONIS

165 486 168 495 .
222 438 281 501 VI.
301 438 360 501 Est
374 440 457 501 enim
478 441 612 503 amicitia
626 441 702 502 nihil
717 441 809 517 aliud,
824 440 882 501 nisi
903 440 1041 501 omnium
1055 441 1135 503 divi-

181 558 292 598 narum
326 538 590 619 humanorumque
619 560 721 598 rerum
749 560 820 599 oum
848 526 1067 599 benevolentia
1100 549 1135 601 et

182 636 309 696 caritate
325 636 504 696 consensio:
526 648 586 715 qun
607 637 732 715 quidem
751 636 835 695 haud
858 637 922 696 seio
941 656 989 710 nn,
1003 646 1135 717 exceptu

181 730 341 811 snpientia,
355 732 522 811 quidquam
539 733 646 792 melius
669 732 785 792 homini
806 732 848 792 sit
862 752 881 792 n
895 732 943 791 dis
966 733 1133 793 inmortali

152 829 239 890 obus
254 828 370 887 dutum.
411 828 546 888 Divitias
569 829 619 887 alii
643 839 845 907 praeponunt,
861 829 974 889 bonum
989 830 1039 889 ulii
1054 831 1135 890 vale

180 925 330 1000 tudinem,
345 926 395 985 alii
409 925 589 1005 potentium,
602 926 652 984 ulii
668 927 808 999 honores,
821 926 910 987 multi
921 928 1014 986 otium
1026 928 1133 1007 volup-

180 1030 270 1084 tutes.
311 1022 479 1083 Beluarnm
505 1023 563 1083 hoo
588 1023 713 1103 quidem
735 1036 928 1099 extremum3
952 1025 1003 1083 illu
1027 1036 1133 1084 autem

179 1121 337 1201 superiora
351 1120 467 1181 caduca
481 1130 513 1180 et
526 1120 652 1194 incerta,
667 1120 769 1199 posita
790 1142 851 1180 non
868 1131 932 1181 tum
946 1122 977 1180 in
994 1121 1130 1182 consiliis

180 1220 292 1279 nostris
317 1240 408 1299 quam
433 1220 464 1279 in
490 1220 632 1278 fortunae
658 1219 841 1279 temeritate.
884 1220 945 1292 Qui
971 1232 1074 1279 nutem
1099 1220 1132 1278 in

132 1313 170 1374 10
181 1316 295 1376 virtute
309 1336 462 1377 summum
484 1315 599 1375 bonum
615 1327 743 1394 ponunt,
758 1316 912 1395 praeclare
927 1316 969 1375 illi
985 1316 1108 1395 quidem
1122 1334 1131 1390 3

179 1413 235 1473 sed
258 1415 333 1474 haee
353 1414 421 1493 ipso
441 1413 538 1472 virtus
564 1412 730 1472 amicitiam
754 1424 786 1473 et
809 1414 911 1493 gignit
931 1426 963 1473 et
984 1413 1132 1486 continet,

179 1524 238 1564 neo
261 1504 327 1564 sine
353 1504 467 1563 virtute
492 1504 628 1563 amicitis
649 1523 715 1563 esse
737 1505 799 1564 ullo
820 1515 910 1583 paeto
933 1515 1042 1583 potest.
1082 1506 1131 1561 21·

180 1598 248 1659 Iam
262 1600 409 1660 virtutem
431 1620 469 1658 ex
491 1600 714 1660 consuetudine
729 1601 812 1661 vitae
834 1611 956 1660 nostrae
971 1599 1132 1660 sermonis-

180 1717 240 1775 que
265 1696 362 1755 nostri
383 1696 629 1773 interpretemur,
652 1718 709 1757 neo
733 1718 811 1772 eam,
832 1707 867 1757 ut
890 1698 1014 1777 quidam
1037 1696 1130 1770 docti,

132 1806 170 1866 15
180 1793 344 1853 verborum
365 1792 593 1871 magnificentia
607 1794 779 1868 metiamur,
795 1796 937 1874 virosque
958 1795 1130 1867 bononem,

180 1888 233 1970 qui
256 1889 417 1961 habentur,
447 1906 652 1963 numeremus,
683 1889 817 1965 Paullos,
846 1891 989 1965 Catones,
1026 1889 1130 1965 Gelos,

181 1986 348 2065 Scipiones,
365 1986 486 2046 Philos:
509 1987 556 2045 his
576 1988 747 2048 communis
762 1989 826 2048 rita
847 1998 994 2048 contenta
1008 1998 1062 2061 est,
1077 2007 1130 2048 eos

179 2091 285 2142 autem
309 2083 496 2156 omittamus,
522 2083 574 2162 qui
599 2084 725 2144 omnino
750 2105 901 2165 nusquam
930 2086 1129 2164 reperiuntur.

180 2181 228 2238 22.
249 2177 341 2238 Tales
362 2179 457 2259 igitur
477 2179 559 2239 inter·
572 2180 654 2240 viros
675 2182 810 2241 amicitia
831 2192 933 2242 tantos
956 2180 1131 2261 opportuni·

130 2286 261 2346 20tates
290 2276 392 2350 habet,
417 2287 546 2355 quantos
571 2276 624 2336 vix
646 2297 726 2355 queo
748 2279 857 2337 dicere.
898 2277 1055 2357 Principio
1076 2277 1130 2357 qui

178 2381 372 2452 potestesse
393 2373 484 2432 “vita
499 2371 629 2446 vitalis,”
652 2383 686 2433 ut
707 2375 751 2434 nit
772 2374 900 2447 Ennius,
916 2393 993 2453 quae
1014 2375 1129 2433 nonin

178 2468 270 2529 amioi
284 2479 392 2528 mutur's
405 2468 622 2528 benevolentia
643 2472 866 2550 conquiescat?
908 2470 992 2543 Quid
1014 2471 1130 2530 dulcius

178 2586 272 2646 quam
286 2565 399 2626 habere
414 2565 537 2644 quicum
553 2566 657 2625 onmia
671 2568 786 2628 audeas
799 2569 843 2629 sio
858 2557 942 2647 loqui
956 2577 991 2627 ut
1005 2567 1131 2627 tecum?

206 2721 376 2784 neomenias]
418 2724 587 2784 ‘Agreement
610 2723 641 2770 of
702 2726 935 2786 inquinamenta]
966 2726 1019 2772 The
1031 2726 1116 2772 Stoice.

178 2793 294 2852 opinion.¹
702 2795 736 2840 18.
752 2797 793 2853 qui
806 2795 1009 2853 -reperiuntur]
1051 2795 1131 2839 ‘Who

207 2862 229 2911 7.
244 2861 387 2922 Belunrum]
442 2861 496 2908 Tne
517 2861 640 2919 predicate
670 2875 712 2908 ure
728 2864 843 2909 nowhere
856 2863 933 2908 found
948 2868 975 2908 to
990 2862 1072 2916 exist,’
1087 2874 1130 2906 ex·
1173 2906 1181 2913 ,

177 2932 285 2989 genitive
312 2931 342 2977 of
366 2929 641 2977 characterem-hoe
671 2936 726 2988 cept
736 2933 759 2976 in
771 2933 812 2977 the
823 2933 909 2986 theory
920 2932 948 2975 ot'
960 2932 1000 2976 tho
1016 2931 1101 2975 Stoics.

177 3000 356 3060 -eztremnnq
387 3001 518 3056 Referring
528 3001 641 3056 tovolup-
701 3000 735 3044 19.
754 2997 941 3056 Tales-viros]
967 2998 1047 3042 ‘Such
1060 2996 1130 3041 nren'

178 3074 248 3124 tates,
269 3068 383 3114 ‘sensuul
403 3069 544 3125 pransuros!
560 3069 640 3114 -illn
670 3080 697 3113 us
713 3079 728 3111 u
739 3067 850 3120 Paullus,
861 3077 876 3108 n
886 3064 954 3119 Cato,
964 3076 980 3108 n
990 3065 1067 3110 Galus
1083 3064 1131 3109 und

178 3143 259 3184 autem
282 3137 418 3196 superiora]
449 3139 466 3183 i.
487 3151 508 3184 e.
532 3138 640 3193 divitias,
670 3137 713 3182 the
729 3132 1027 3193 like-opportunitates]
1064 3133 1130 3178 ‘Ao-

177 3206 641 3265 bouamvaletudinem‚potentiam,lto-
672 3204 804 3262 vuutnges?

177 3291 258 3322 nores.
331 3295 333 3302 s
700 3273 736 3318 21.
752 3273 800 3317 vitu
820 3271 912 3330 titolis]
937 3271 974 3316 ‘A
991 3271 1031 3316 life
1052 3270 1130 3316 worth

207 3345 229 3391 9.
248 3342 297 3395 Qui
310 3343 455 3402 -pouunss
501 3342 554 3390 The
579 3347 642 3389 Aea·
672 3340 765 3396 liviug‚’
785 3339 1050 3395 ‘worrhmllinglife'

178 3411 491 3467 demicsnndPorr'putotics
500 3424 541 3456 ure
549 3417 642 3457 monnt.
700 3409 736 3453 23.
752 3407 858 3467 quicum]
876 3410 915 3452 An
926 3407 968 3452 old
980 3408 1044 3452 form
1054 3407 1130 3453 ottho

209 3483 243 3528 13.
259 3480 375 3528 sermonis
399 3478 486 3538 nostri]
521 3480 575 3524 ‘Of
595 3492 647 3542 our·
670 3477 1017 3535 ablativoforqrwwitncum.
1048 3477 1130 3522 cicero

178 3561 294 3596 common
304 3546 418 3594 medeor
429 3546 542 3604 talking?
670 3556 745 3591 never
755 3557 812 3590 uses
822 3545 872 3590 this
888 3544 954 3590 torm
971 3544 1043 3590 when
1058 3545 1130 3592 refer-
