2492 3900
102 224 242 290 aaa-rm]
305 223 664 280 Muranomflosuon
686 225 798 277 amaa
820 227 856 278 v.
1018 227 1057 285 63

99 397 249 478 Dumque
263 399 390 477 puellari
404 398 508 463 studio
521 398 721 479 calathosque
735 400 897 479 sinumque

100 495 217 574 Inplet,
232 505 263 553 et
278 496 421 574 aequales
437 504 534 554 certat
548 515 693 574 superare
707 496 848 574 legendo,

100 592 209 652 Paene
224 592 314 651 simul
330 591 396 650 visa
410 601 458 651 est
472 591 646 671 dilectaque
659 601 807 671 raptaque
821 591 910 651 Diti:
1018 590 1057 649 55

100 687 213 768 Usque
228 688 307 747 adeo
321 695 369 747 est
383 696 565 770 properatus
579 707 673 747 amor.
713 687 783 747 Dea
795 688 904 747 territa
916 697 1037 746 maesto

100 784 146 845 Et
161 794 291 842 matrem
305 795 337 843 et
351 783 489 857 comites,
503 784 557 843 sed
572 795 704 843 matrem
718 783 848 863 saepius,
861 803 914 844 ore

101 882 243 967 Clamat:
264 890 297 940 ct
311 890 346 940 ut
360 891 480 939 summa
494 891 614 940 vestem
629 881 759 940 laniarat
773 881 812 940 ah
827 892 887 954 ora,

102 979 233 1039 Collecti
246 978 337 1037 flores
351 977 464 1038 tunicis
479 978 618 1037 cecidere
632 978 784 1038 remissis:

101 1074 266 1153 Tantaque
281 1074 459 1153 simplicitas
474 1074 641 1153 puerilibus
656 1075 755 1133 adfuit
769 1074 875 1134 anuis:
1018 1074 1057 1133 60

102 1171 192 1230 Haec
206 1190 328 1250 quoque
343 1170 514 1249 virgineum
528 1170 627 1230 movit
639 1170 757 1230 iactura
771 1170 917 1229 dolorem.

102 1269 223 1348 Raptor
237 1268 302 1346 agit
317 1287 431 1341 currus,
446 1277 478 1327 ct
492 1268 616 1327 nomine
631 1286 783 1347 quemque
797 1277 925 1327 vocatos

102 1365 296 1424 Exhortatur
309 1384 412 1445 equos,
427 1384 555 1444 quorum
569 1386 625 1444 per
640 1365 718 1424 colla
731 1364 878 1444 iubasque

103 1460 234 1522 Excutit
248 1461 377 1521 obscuris
390 1462 503 1521 tinctas
517 1462 671 1541 ferrugine
686 1462 838 1522 habenas:

103 1558 227 1636 Perque
241 1558 325 1616 lacus
341 1558 420 1618 altos
435 1567 467 1617 et
481 1557 596 1617 olentia
610 1558 756 1636 sulphure
770 1559 868 1618 fertur
1017 1557 1058 1616 65

105 1655 225 1733 Stagna
239 1653 421 1728 Palicorum,
435 1665 526 1732 rupta
539 1653 691 1714 ferventia
704 1665 804 1715 terra:

104 1751 149 1812 Et
164 1762 223 1830 qua
237 1750 437 1824 Bacchiadae,
452 1751 561 1810 bimari
577 1771 654 1830 gens
670 1761 739 1810 orta
753 1751 912 1829 Corinth0,

103 1847 193 1908 Inter
207 1848 383 1927 inaequales
397 1857 568 1927 posuerunt
582 1848 705 1907 moenia
718 1858 836 1928 portus.

519 2044 643 2086 CYANE.

532 2156 558 2191 r.
577 2143 635 2191 409.
672 2147 675 2150 “

146 2239 206 2300 Est
219 2240 356 2300 medinm
372 2239 493 2319 Cyanes
507 2248 540 2299 et
554 2235 682 2300 Pisaeae
696 2241 879 2315 Arethusae,

106 2336 200 2409 Quod
215 2338 278 2397 coit
292 2337 430 2417 angustis
444 2335 596 2396 inclusum
611 2338 754 2397 cornibus
769 2358 891 2417 aequor.
1020 2336 1059 2397 70

106 2434 170 2495 Hic
183 2436 250 2508 fuit,
265 2455 283 2494 a
297 2435 381 2494 cuius
397 2444 541 2514 stagnum
557 2454 678 2514 quoque
694 2436 817 2494 nomine
833 2434 1020 2506 dictumest,

105 2532 194 2593 Inter
210 2518 357 2593 Sicelidas
373 2532 478 2610 Cyane
492 2531 690 2591 celeberrima
705 2532 865 2609 nymphas.

106 2630 237 2709 Gurgite
252 2649 330 2709 quae
345 2628 448 2688 medio
463 2636 688 2687 summatenus
704 2627 824 2685 exstitit
839 2626 919 2697 alvo,

106 2727 308 2806 Agnovitque
322 2726 422 2785 deam.
463 2724 521 2783 “N
522 2744 557 2783 ee
571 2724 694 2803 longius
708 2723 791 2782 ibitis
799 2722 816 2749 '’
831 2722 940 2799 inquit.

61 2884 65 2891 ’
135 2887 172 2932 58.
188 2891 273 2932 restem
283 2883 403 2944 haniarct]
442 2883 564 2929 Asanin·
625 2884 661 2929 69.
678 2881 794 2940 medium]
806 2881 942 2938 Poetieaily
950 2881 1007 2925 with
1016 2880 1059 2927 the

106 2956 213 3001 dieaticn
224 2954 254 2999 of
266 2954 335 3009 grief.
596 2954 703 3009 genitivo
714 2951 753 2996 for
767 2950 832 2995 inter
841 2949 900 2994 with
910 2951 952 2994 the
960 2961 1059 2995 accusa-

135 3026 171 3069 66.
180 3023 317 3085 ferventia]
351 3022 463 3079 ‘Boiling
472 3020 524 3077 up!
597 3019 811 3077 tiva-Pisaeae]
824 3018 862 3064 Cf.
874 3030 898 3063 v.
910 3018 959 3073 154,
970 3019 1059 3063 below.

135 3094 171 3143 67.
187 3092 286 3151 bimari]
335 3091 438 3137 Corinth
463 3090 484 3134 is
509 3089 567 3133 thus
626 3092 663 3138 70.
678 3088 775 3148 ueqrurr]
807 3088 947 3133 'l'threat
964 3086 1023 3131 Pon
1038 3086 1059 3129 is

105 3164 186 3211 called
206 3164 269 3209 from
290 3164 321 3209 its
341 3163 457 3207 situation
477 3173 509 3205 on
525 3161 567 3206 tha
596 3165 688 3213 meant,
705 3158 808 3213 Ortygia
824 3156 932 3207 tormina
946 3154 1059 3209 ouc‚and

106 3235 213 3279 isthmus
231 3236 339 3278 between
361 3233 404 3277 the
424 3230 568 3276 Corinthlan
598 3227 778 3283 Plemmyrium
789 3226 832 3270 the
843 3226 913 3270 other
923 3224 995 3269 hom.

105 3302 352 3355 andSaronicgults.
627 3298 662 3344 71.
679 3293 921 3356 llicfuit—Gyane]
954 3292 1059 3337 ‘Inthis

46 3374 54 3395 '
135 3369 173 3417 68.
189 3368 390 3428 later-portus]
448 3366 568 3422 Syracuse
598 3365 684 3418 region
695 3376 745 3408 was
756 3364 856 3419 cyane·

105 3440 157 3487 had
166 3447 214 3486 two
224 3440 341 3497 priucipai
353 3440 463 3490 harnam,
475 3448 521 3481 one
536 3447 568 3481 on
628 3433 665 3480 73.
683 3429 916 3490 Gemite-medio]
947 3427 1058 3484 Equira-

106 3510 185 3557 either
195 3510 248 3555 side
258 3510 287 3555 ot'
294 3510 335 3553 tho
346 3507 443 3553 ancient
453 3506 513 3561 city.
599 3502 650 3547 lent
660 3506 686 3546 to
696 3500 723 3545 io
733 3498 810 3543 teredio
820 3510 927 3555 aequora
