2492 3900
280 283 446 347 iniimus,
472 283 558 335 sivi.
581 284 633 335 DE
656 284 837 335 AMICITIA.
948 286 1031 362 ,283

77 460 252 521 vanitatem
265 461 395 521 accessit
410 460 586 521 auctoritas.
621 460 669 521 95.
691 459 816 521 Seeerni
830 468 934 519 autern
947 459 1035 519 blan·

78 558 140 619 dus
165 557 281 617 amicus
307 577 415 630 avere
441 568 472 618 et
494 558 662 617 internosci
682 567 746 617 tarn
769 567 882 636 potent,
897 556 1036 618 adhibita

79 654 249 735 diligentia,
264 674 356 733 quam
372 654 475 713 omnia
494 654 597 715 fucata
613 664 645 714 et
659 654 802 714 simulata
817 674 835 713 a
849 654 974 715 sinceris
993 664 1036 715 at·

79 774 142 833 que
173 752 262 813 veris.
322 750 443 824 Contio,
474 770 552 829 quae
582 771 621 810 ex
649 750 875 829 inperitissimis
903 761 1035 827 constat,
1139 796 1205 864 73

78 860 185 911 tamen
205 849 340 909 iudicare
364 848 451 921 solet,
468 848 542 927 quid
557 848 681 908 intersit
704 848 785 907 inter
799 849 988 927 popularem,
1001 850 1032 908 id
1063 846 1118 913 5ἱέ

79 956 137 1021 est,
152 946 379 1006 adsentatorem
396 954 428 1003 et
443 943 543 1003 levem
558 944 668 1017 civem,
684 954 716 1004 et
731 947 812 1004 inter
832 956 1034 1020 constantem,

80 1036 114 1105 et
133 1063 273 1104 severum
288 1051 320 1103 et
333 1060 469 1121 gravem
511 1042 559 1101 96.
582 1040 703 1113 Quibus
733 1042 890 1102 blanditiis
921 1044 955 1103 Ο.
977 1043 1034 1102 Pa-

78 1141 176 1221 pirius
198 1161 295 1217 nuper
315 1140 464 1199 influebat
489 1138 521 1198 iu
549 1158 637 1197 aures
660 1139 912 1221 contionis,cum
940 1140 1035 1200 ferret

80 1239 182 1318 legem
198 1238 236 1297 de
251 1238 382 1297 tribunis
397 1237 494 1317 plebis
510 1236 701 1296 reficiendis!
735 1236 944 1296 Dissuasimus
959 1255 1035 1312 nos3

80 1336 137 1397 sed
151 1334 226 1394 nihil
242 1335 280 1395 de
294 1355 353 1409 me,
368 1334 407 1395 de
427 1334 569 1414 Scipione
586 1332 687 1393 dicam
709 1323 865 1392 libentius.
908 1333 1035 1404 Quanta
1044 1332 1083 1397 10

79 1431 135 1507 illi,
162 1432 195 1492 di
222 1431 417 1493 inmortales!
444 1432 504 1491 fuit
525 1430 670 1511 gravitas,
699 1442 814 1510 quanta
842 1430 873 1489 in
895 1430 1034 1490 oratione

80 1528 246 1590 maiestas!
267 1539 303 1590 ut
324 1529 412 1589 facile
437 1529 547 1589 ducem
572 1529 679 1608 populi
701 1527 844 1600 Romani,
862 1547 923 1585 non
946 1524 1036 1587 corni·

80 1636 147 1687 tem
171 1626 296 1687 diceres.
338 1626 402 1686 Sed
423 1625 573 1699 adfuistis,
585 1635 618 1685 et
643 1636 692 1684 est
712 1624 743 1683 in
766 1624 907 1683 manibus
928 1622 1036 1685 oratio.

81 1722 193 1804 Itaque
214 1725 266 1783 lex
289 1723 445 1803 popularis
475 1722 627 1801 suffragiis
652 1721 758 1800 populi
787 1720 949 1798 repudiata
976 1729 1033 1780 est.

81 1821 198 1902 Atque,
214 1830 248 1882 ut
262 1821 300 1880 ad
322 1841 371 1880 me
385 1820 517 1893 redeam,
534 1817 724 1891 meministin,
739 1816 777 1889 Q.
789 1817 928 1877 Maximo
943 1817 1035 1876 tratre
1046 1820 1084 1883 15

84 1918 234 2000 Scipionis
251 1927 282 1978 et
293 1916 328 1978 L.
343 1916 489 1978 Mancino
504 1915 690 1986 consulibus,
706 1934 797 1994 quam
812 1913 969 1994 popularis
984 1914 1035 1973 lex

83 2016 123 2076 de
144 2015 322 2077 sacerdotiis
338 2015 372 2076 O.
386 2014 496 2074 Licinii
519 2013 622 2074 Crassi
638 2012 817 2072 videbatur!
868 2011 1035 2088 Coeptatio

84 2114 166 2174 enirn
181 2113 379 2192 collegiorum
400 2111 439 2172 ad
461 2110 568 2191 populi
581 2110 765 2170 beneficium
786 2109 1036 2170 transferebatur.

82 2210 190 2290 Atque
212 2209 238 2269 is
258 2209 374 2289 primus
397 2207 534 2268 instituit
556 2207 586 2265 in
610 2206 710 2266 forum
726 2226 831 2266 versus
854 2225 945 2284 agere
965 2225 1036 2266 eum

83 2308 206 2388 populo.
257 2306 374 2365 Tamen
399 2306 480 2365 illius
510 2303 700 2364 vendibilem
729 2302 900 2362 orationem
928 2302 1035 2380 religio
1045 2303 1085 2365 20

85 2403 212 2465 deorum
231 2403 447 2476 inmortalium,
463 2401 552 2462 nobis
574 2399 820 2472 defendentibus,
834 2399 922 2458 facile
937 2398 1037 2458 vinee-

83 2500 147 2562 bat.
187 2501 293 2580 Atque
315 2499 347 2559 id
372 2508 476 2560 actum
504 2507 562 2574 est,
584 2507 725 2576 praetore
749 2515 807 2568 me,
829 2495 1038 2574 quinquennio

114 2660 149 2706 16.
165 2661 202 2706 tea
211 2660 240 2706 cle
254 2658 404 2718 sacerdotiis]
420 2659 481 2705 'Ihls
496 2659 545 2704 law
605 2655 640 2701 18.
656 2652 858 2714 transferebatur]
901 2653 955 2698 The
965 2665 1037 2700 cona-

85 2739 135 2773 was
145 2727 266 2784 proposed
278 2726 462 2783 sysinnius
473 2726 545 2772 cras·
575 2727 626 2772 tive
635 2724 770 2782 imperfect.

85 2796 268 2851 sus‚atrihunc
278 2796 307 2840 oi
318 2797 359 2840 the
369 2795 463 2852 peeplc,
475 2796 503 2842 B.
515 2795 550 2842 0.·
605 2796 640 2841 19.
655 2796 683 2840 ia
705 2793 794 2854 soram
814 2792 906 2851 enarre]
952 2791 1038 2838 Prerl·

86 2863 141 2919 Μῦς
157 2864 243 2920 hythe
263 2864 398 2921 provisions
418 2863 448 2909 ot
462 2864 544 2909 thch
575 2866 649 2922 onsly
665 2864 707 2910 the
722 2869 816 2909 oratore
831 2863 880 2908 had
896 2862 986 2907 turned
1001 2865 1038 2908 to·

85 2933 126 2978 the
137 2932 241 2978 electiou
255 2931 284 2976 os
296 2932 339 2977 the
355 2932 443 2988 priests
458 2945 509 2979 was
519 2940 545 2981 to
576 2934 658 2980 warde
669 2932 844 2979 tbeeurieund
854 2932 895 2977 the
905 2930 1038 2987 comitiam,

84 2999 115 3046 be
126 2998 232 3045 referred
243 3002 269 3044 to
279 3000 321 3044 the
330 3001 424 3057 people,
436 3001 546 3048 whereas
575 3005 658 3050 where
669 3005 711 3049 the
719 3008 802 3048 senato
811 3002 870 3048 held
877 3001 940 3046 their
947 3011 1039 3046 assem-

85 3068 225 3126 previously
242 3068 284 3114 the
299 3069 402 3116 electiori
424 3071 545 3128 belonged
576 3074 645 3129 biles,
654 3073 704 3119 and
713 3073 790 3118 hence
798 3073 839 3117 the
846 3071 962 3128 patrician
970 3069 1039 3125 side;

85 3143 112 3185 to
128 3139 169 3186 the
185 3139 287 3195 priesriy
299 3139 391 3194 college
412 3153 438 3186 us
455 3141 546 3187 sclose
576 3135 625 3189 and
643 3147 669 3188 to
687 3147 745 3187 turn
762 3142 870 3187 towards
886 3142 928 3186 the
939 3140 1039 3196 Forum,

86 3209 246 3266 corporation.
286 3209 385 3256 Laelius
411 3222 461 3255 was
487 3211 546 3256 then
577 3211 658 3256 where
666 3210 707 3256 the
715 3211 821 3267 popular
829 3205 1041 3255 assemhlieswere

85 3280 188 3334 praetor,
199 3276 249 3323 and
257 3278 365 3334 through
377 3277 546 3323 idsexertious
577 3278 645 3332 held,
656 3277 758 3334 implied
769 3291 784 3322 a
794 3278 875 3324 desire
889 3291 921 3322 on
933 3277 975 3322 the
985 3279 1042 3333 pert

86 3345 127 3390 the
151 3358 264 3394 measure
290 3358 340 3392 was
366 3346 486 3400 defeated,
511 3346 546 3392 al·
576 3347 606 3393 of
613 3349 655 3392 the
666 3347 869 3404 speakertogain
880 3347 923 3394 the
935 3348 1005 3392 favor
1014 3344 1045 3394 ot

86 3413 180 3471 though
199 3415 377 3473 subsequently
396 3414 436 3472 (B.
453 3414 480 3459 C.
493 3413 544 3472 104)
575 3415 618 3460 the
630 3416 723 3472 people.

86 3481 105 3527 lt
114 3493 164 3526 was
175 3485 275 3530 carried.
604 3483 641 3528 20.
655 3482 806 3544 sedidem]
838 3483 998 3541 ‘Plausible,’
1012 3494 1043 3531 or

116 3550 151 3600 17.
170 3551 304 3613 Coeptutio]
316 3551 384 3598 ‘The
392 3550 495 3609 rigitur
501 3550 549 3597 fill·
578 3549 697 3608 ‘taking'

87 3619 283 3678 lngvecanclcs!
607 3618 644 3664 22.
655 3623 769 3678 praem
778 3618 826 3678 nee]
857 3619 887 3665 Β.
897 3618 925 3665 c.
937 3617 987 3666 14⁶.
