2492 3900
161 278 221 337 262
425 277 463 326 Μ.
488 234 613 327 TULiiII
638 274 833 326 CICERONIS

162 454 263 527 Quam
285 454 407 513 obrem
430 453 454 513 si
474 453 557 513 cadit
577 452 608 512 in
631 452 801 533 sapientem
824 450 917 511 animi
940 449 1035 525 dolor,
1057 450 1110 531 qui

159 552 298 631 profecto
309 552 401 625 eadit,
416 552 473 610 nisi
495 572 533 609 ex
554 550 619 609 eius
641 550 744 609 animo
758 548 959 628 exstirpatam
974 549 1111 608 humani·

144 657 257 712 statem
273 648 473 721 arbitramur;
495 667 572 727 quae
587 667 679 706 causa
693 656 741 706 est
754 666 809 706 cur
823 643 988 704 amicitiam
1010 645 1111 703 fundi-

159 752 209 804 tus
224 745 367 804 tollamus
381 764 398 803 e
413 745 486 818 vito,
501 764 539 803 ne
554 743 672 823 aliquae
687 731 1110 822 propteream‘suscipiamus

131 840 341 901 5molestias?
383 840 465 912 Quid
489 840 570 899 enim
595 840 723 899 interest
748 850 834 897 motu
861 838 955 897 animi
978 838 1109 910 subluto,
1170 913 1173 918 Ι

158 956 219 994 non
242 935 311 994 dico
332 935 413 995 inter
432 935 584 1014 pecudem
600 945 632 993 et
648 936 814 1007 hominem,
835 933 889 992 sed
912 934 993 992 inter
1012 932 1109 991 homi-

158 1053 228 1091 nem
251 1042 283 1093 et
304 1044 445 1092 truncum
467 1042 521 1091 aut
542 1052 648 1090 saxum
671 1042 725 1090 aut
746 1032 868 1110 quidvis
889 1030 1011 1111 generis
1035 1030 1110 1088 eius·

159 1128 255 1188 dem?
296 1129 407 1209 Neque
432 1128 513 1188 enim
538 1140 612 1188 sunt
636 1127 689 1187 isti
710 1128 865 1201 audiendi,
885 1128 936 1207 qui
961 1127 1107 1186 virtutem

160 1226 267 1285 duram
293 1236 325 1286 et
345 1226 431 1306 quasi
451 1226 581 1285 ferream
605 1245 671 1284 esse
699 1224 854 1303 quandam
880 1226 1008 1298 roluut3
1029 1241 1107 1303 quae

112 1322 149 1383 10
159 1324 285 1404 quidem
299 1333 347 1383 est
362 1344 431 1382 cum
445 1322 548 1381 multis
563 1322 592 1379 in
609 1321 700 1379 rebus
720 1333 785 1379 tum
801 1321 833 1379 in
848 1321 982 1380 amicitis
1000 1330 1108 1379 tenera

159 1430 251 1501 atque
273 1419 448 1492 tractabilis,
463 1430 498 1477 ut
512 1430 543 1477 et
558 1418 648 1477 bonis
674 1417 764 1476 amici
789 1417 877 1497 quasi
898 1416 1108 1475 diffundantur

159 1529 191 1577 ct
217 1516 421 1576 incommodis
448 1516 680 1575 contrahantur.
733 1514 834 1585 Quam
859 1514 900 1573 ob
923 1534 987 1571 rem
1012 1532 1108 1592 angor

158 1612 225 1687 iste,
250 1612 302 1692 qui
323 1632 379 1691 pro
400 1612 498 1671 amico
520 1632 611 1691 saepe
635 1611 803 1689 capiendus
825 1622 881 1684 est,
903 1630 963 1669 non
985 1620 1108 1669 tantum

116 1717 120 1722 ’
158 1710 249 1782 valet,
264 1719 298 1768 ut
312 1709 401 1768 tollut
415 1728 432 1767 e
448 1708 511 1767 vita
525 1708 701 1780 amicitiam,
723 1728 784 1766 non
805 1708 873 1785 plus
895 1726 986 1786 quarn
1000 1716 1035 1765 ut
1049 1705 1108 1765 vir·

112 1802 251 1877 15tutes
273 1802 344 1882 quia
365 1802 526 1861 nonnullae
547 1821 636 1861 curas
659 1812 691 1861 et
712 1800 870 1861 molestias
890 1797 1049 1874 adferuut‚'
1065 1818 1109 1859 re·

158 1898 333 1978 pudicntur.

199 1993 290 2054 XIV.
313 1995 392 2054 Cum
423 2004 527 2054 antem
555 1996 719 2054 contrahat
752 1995 927 2069 amicitiam,
954 2003 990 2054 ut
1017 2012 1108 2074 supra

159 2091 231 2164 dixi,
256 2091 281 2150 si
306 2111 366 2170 qna
394 2091 575 2170 significatio
601 2091 727 2151 virtutis
750 2093 879 2166 eluceat,
895 2092 936 2151 ad
961 2112 1053 2171 quam
1075 2109 1108 2150 se

121 2243 124 2250 .
158 2188 265 2248 similis
288 2187 408 2246 animus
430 2187 564 2266 adplicet
579 2197 611 2247 et
626 2189 795 2266 adiungat3
816 2189 848 2247 id
863 2209 933 2248 curn
948 2187 1108 2266 contingit,

111 2284 148 2342 20
158 2305 243 2344 amor
257 2285 412 2344 exoriatur
425 2305 549 2345 necesse
565 2295 620 2345 est.
662 2287 711 2346 49.
733 2285 818 2357 Quid
829 2285 913 2344 enim
927 2294 993 2346 tarn
1008 2285 1109 2344 absur-

158 2382 231 2442 dum
246 2403 338 2462 quam
361 2382 505 2443 delectari
528 2383 633 2442 multis
654 2383 796 2441 inanibus
817 2382 916 2456 rebus,
931 2391 966 2441 ut
984 2382 1108 2453 honore,

158 2490 192 2540 ut
215 2480 320 2560 gloria,
343 2489 379 2540 ut
403 2479 553 2554 aedificio,
576 2490 612 2540 ut
638 2479 753 2539 vestitu
782 2479 930 2558 cultuque
955 2477 1109 2556 corporis3

157 2578 259 2637 animo
274 2587 377 2638 autem
400 2578 514 2638 virtute
536 2577 686 2656 praedito,
700 2595 738 2634 eo
752 2577 804 2655 qui
819 2577 869 2635 vel
883 2595 986 2635 amare
1001 2574 1059 2648 vel,
1073 2583 1108 2633 ut

156 2672 200 2732 ita
221 2674 330 2748 (licum,
350 2675 511 2734 redamare
529 2673 637 2754 possit,
658 2693 727 2748 non,
742 2672 911 2731 admodum
936 2671 1106 2732 delectari?

109 2763 148 2822 25
156 2769 242 2829 Nihil
258 2781 306 2831 est
319 2773 400 2832 enim
416 2771 663 2832 remuneratione
675 2771 916 2843 benevolentiae,
935 2769 1009 2828 nihil
1025 2768 1109 2827 vicis

156 2867 290 2926 situdine
305 2870 476 2928 studiorum
489 2867 901 2946 officiorumqueiucundius.
931 2866 977 2925 50.
1000 2865 1108 2936 Quid?

157 2963 181 3020 si
205 2964 281 3022 illud
307 2967 401 3024 etiam
424 2965 574 3035 addimus,
598 2965 681 3043 quod
702 2975 785 3021 recte
807 2964 878 3020 addi
901 2973 1012 3040 potest,
1033 2961 1107 3019 nihil

157 3079 224 3118 esse
240 3060 323 3138 quod
339 3063 378 3120 ad
392 3081 425 3120 se
438 3082 500 3119 rem
516 3061 610 3118 ullam
624 3072 689 3118 tam
705 3059 829 3117 adliciat
844 3069 876 3118 et
892 3069 957 3118 tam
972 3057 1108 3116 attrahat

184 3221 207 3265 4.
218 3225 317 3278 propter
326 3221 388 3280 eam]
407 3219 530 3265 ‘Because
542 3220 571 3264 of
583 3218 617 3264 tt’
678 3219 711 3267 17.
728 3219 866 3278 contrahat]
882 3219 934 3264 The
948 3220 1043 3275 subject
1053 3219 1073 3262 is
1083 3222 1109 3263 to

187 3291 220 3334 11.
237 3289 379 3348 tractabilis]
433 3289 616 3345 ‘Sus-capulus)
646 3291 678 3334 bo
694 3290 807 3346 supplied
823 3289 886 3334 from
911 3290 953 3334 tlte
971 3289 1061 3344 clause,
1076 3286 1109 3332 ai·

155 3357 364 3418 -diffimduntur
382 3379 412 3390 -
429 3357 616 3416 contrahuntur]
649 3359 844 3414 quta-eluceat,
865 3359 945 3402 which
967 3358 1109 3402 tollens.-

156 3428 195 3472 δε.
212 3425 319 3472 homiues
329 3443 339 3480 ,·
356 3427 471 3482 ‘expund
483 3426 553 3482 (with
561 3427 626 3484 joy)'
648 3426 733 3484 supra]
766 3427 795 3471 In
807 3429 857 3472 viii.
869 3427 905 3482 28,
916 3428 966 3473 und
976 3429 1011 3472 xi.
1027 3427 1064 3475 37.

155 3497 206 3540 and
216 3494 304 3539 shrlnk
315 3494 384 3550 (with
395 3494 498 3548 sorrow)
507 3491 528 3546 ;’
544 3492 618 3538 amici
676 3494 712 3537 21.
728 3495 851 3554 delectare]
867 3495 920 3540 The
931 3496 1026 3552 subject
1037 3495 1109 3554 being

128 3560 132 3566 '
155 3563 446 3621 ishcrcinthegonitlve
458 3573 520 3607 case.
647 3562 927 3610 indefinitcisomittcd.
