2492 3900
135 287 278 353 ascesa]
340 285 696 339 unrsuonsnosnou
718 284 831 336 amna
852 283 892 335 11.
1053 283 1093 342 ‘29

135 462 260 524 Dissilit
275 484 366 525 omne
380 464 489 538 solum,
503 473 706 543 penetratque
720 461 751 521 in
767 460 896 520 Tartara
909 457 994 518 rimis
1032 458 1092 519 260

137 558 258 621 Lumen
274 572 306 622 et
320 561 472 620 infernum
488 570 582 620 terret
596 581 667 618 cum
681 559 812 636 coniuge
827 575 940 638 regem.

136 651 182 715 Et
196 677 280 716 mare
295 657 496 730 contrahitur,
511 658 668 736 siccaeque
684 667 731 715 est
745 674 871 733 campus
885 673 995 713 arenae

137 752 232 824 Quod
248 754 340 813 modo
354 764 468 832 pontus
483 762 557 825 erat,
572 773 709 832 quosque
724 752 820 810 altum
834 760 956 810 texerat
969 769 1091 830 aequor,

135 847 303 909 Exsistunt
316 861 437 909 montes
452 859 485 909 et
499 867 618 928 sparsas
635 847 786 926 Cycladas
802 856 927 926 augent.

135 944 206 1004 lma
218 956 330 1026 petunt
345 946 453 1025 pisces,
467 966 523 1004 nec
537 965 570 1004 se
585 965 678 1024 super
691 963 824 1023 aequora
837 943 925 1003 curvi
1030 942 1090 1003 265

135 1040 259 1102 Tollere
274 1053 436 1102 consuetas
450 1042 566 1102 audent
580 1040 740 1119 delphines
753 1041 785 1099 in
800 1060 899 1099 auras.

135 1139 274 1217 Corpora
288 1139 456 1219 phocarum
470 1158 590 1198 summo
603 1137 746 1216 resupina
760 1136 912 1216 profundo

134 1235 324 1296 Exanimata
339 1246 457 1296 natant.
497 1234 605 1320 Ipsu-rn
620 1254 742 1314 quoque
756 1233 862 1293 Nerea
874 1233 957 1293 fama
969 1241 1018 1293 est

133 1331 316 1413 Doridaque
331 1344 364 1392 et
378 1345 465 1393 natas
479 1332 593 1412 tepidis
606 1332 732 1391 latuisse
747 1331 804 1389 sub
819 1329 924 1389 antris.

134 1428 199 1488 Ter
212 1429 379 1509 Neptunus
395 1429 481 1510 aquis
497 1450 567 1490 cum
581 1439 671 1515 toruo
687 1427 828 1488 bracchia
843 1427 932 1486 vultu
1031 1425 1091 1487 270

133 1525 289 1586 Exsererc
303 1547 394 1587 ausus
410 1540 492 1587 erat:
512 1537 561 1587 ter
575 1547 637 1586 non
651 1526 725 1586 tulit
739 1525 816 1585 aeris
829 1524 926 1603 ignes.

133 1624 231 1682 Alma
245 1634 349 1684 tamen
364 1624 478 1698 Tellus,
493 1634 528 1684 ut
542 1635 608 1684 erat
623 1623 810 1683 circumdata
824 1631 931 1701 ponto,

133 1718 223 1780 Inter
237 1740 331 1800 aquas
345 1720 445 1800 pelagi
460 1731 697 1799 contractosque
711 1719 847 1798 undique
860 1717 972 1792 fontes,

135 1816 200 1888 Qui
210 1836 248 1876 se
263 1817 466 1877 condiderant
480 1817 512 1876 in
528 1836 642 1896 opacae
656 1815 773 1876 viscera
787 1813 901 1887 matris,

134 1913 269 1974 Sustulit
284 1933 446 1995 oppressos
461 1914 539 1975 collo
555 1923 646 1975 tenus
661 1913 746 1973 arida
759 1912 873 1986 vultus,
1028 1907 1087 1970 275

134 2011 350 2091 Opposuitque
364 2030 490 2071 manum
503 2010 605 2085 fronti,
620 2030 793 2091 magnoque
807 2021 941 2070 tremore

134 2108 251 2168 Omnia
264 2110 442 2169 concutiens
457 2110 595 2189 paullum
609 2108 757 2183 subsedit,
771 2119 803 2169 et
816 2108 897 2167 infra

134 2205 240 2277 Quam
253 2206 332 2266 solet
347 2226 422 2281 esse,
436 2206 510 2266 fuit:
531 2205 729 2286 siccaqueita
742 2225 818 2265 voce
833 2204 937 2264 locuta
950 2211 1014 2263 est:

133 2310 151 2338 “
162 2301 196 2361 Si
210 2303 313 2381 placet
327 2304 394 2377 hoc,
408 2303 574 2383 meruique,
589 2303 665 2381 quid
680 2323 699 2362 o
713 2312 767 2361 tua
779 2302 909 2361 fuhnina
923 2307 1053 2372 cessant,

134 2398 265 2458 Summe
279 2400 395 2458 deum?
436 2397 543 2459 Liceat
556 2399 710 2477 periturae
724 2398 840 2457 viribus
856 2397 937 2476 ignis
1029 2395 1089 2456 280

133 2494 215 2573 Igne
230 2496 328 2574 perire
342 2506 406 2568 tuo,
421 2496 601 2574 clademque
616 2505 740 2553 auctore
754 2494 866 2553 levare.

133 2590 201 2652 Vix
216 2591 359 2671 equidem
373 2592 475 2651 lauces
489 2592 565 2650 haec
579 2591 646 2671 ipsa
659 2590 691 2649 in
705 2589 801 2649 verba
813 2586 961 2647 resolvo?

164 2749 216 2795 261.
231 2749 321 2810 repon]
351 2749 527 2807 Pluto,whose
542 2750 599 2796 wife
628 2747 671 2793 the
681 2748 723 2793 old
734 2747 790 2793 idea
798 2745 853 2791 that
862 2744 1090 2793 theooeauiiowod

133 2830 186 2864 was
197 2818 353 2875 Proserpina.
627 2815 849 2861 ronndtheeruth.

164 2886 215 2931 261.
230 2886 329 2945 cupere]
346 2884 398 2932 The
408 2886 537 2931 mountain
543 2888 599 2943 tops
657 2884 709 2933 277.
724 2882 805 2946 infra]
837 2883 952 2929 involves
972 2883 1014 2929 the
1033 2883 1091 2930 idea

134 2954 236 3000 become
254 2954 354 3008 islanda,
375 2954 425 2999 and
445 2964 473 2999 so
491 2954 599 2999 increase
629 2954 659 2999 oi
669 2953 872 3009 acompmatir03
888 2952 996 2999 ‘lowen'

134 3024 178 3068 the
211 3024 316 3069 number
343 3023 372 3068 oi
401 3023 443 3069 the
469 3022 597 3079 Cyclades,
657 3023 708 3071 279.
725 3022 754 3068 Si
760 3023 842 3081 placet
851 3022 906 3082 hoc]
933 3022 1089 3079 Sc.tr'ti,i.e.

135 3092 218 3139 which
234 3092 293 3139 hore
313 3096 440 3151 represent
459 3092 552 3138 islanda
572 3092 598 3137 in
628 3092 798 3151 Iona-quid]
829 3091 928 3149 ‘Why‚'
950 3086 1014 3138 used
1030 3092 1089 3137 thus

135 3161 244 3220 general.
626 3161 789 3218 adverbially‚
804 3162 826 3207 is
844 3163 872 3207 to
889 3162 920 3206 be
934 3159 1043 3205 referred
1063 3166 1089 3205 to

164 3231 215 3280 267.
230 3244 323 3277 summo
329 3229 499 3292 -prosundo]
542 3230 596 3276 ‘On
626 3229 668 3275 the
679 3230 817 3275 accusative
826 3231 854 3275 oi
865 3228 1038 3286 specification.

135 3300 177 3347 the
189 3301 284 3346 sursuce
295 3301 325 3346 of
336 3302 378 3346 the
389 3300 468 3357 deep!
655 3294 1087 3356 280.1.ieearpmturae]scmiti;

164 3369 214 3414 269.
231 3368 338 3427 Dorida]
356 3369 393 3414 Cf.
406 3376 463 3414 note
477 3367 511 3413 11.
523 3381 546 3411 v.
560 3368 595 3412 11.
626 3369 732 3426 ‘permit
749 3380 790 3413 mc
804 3368 826 3412 if
843 3367 856 3412 I
871 3379 912 3412 am
930 3364 1043 3411 destined
1061 3366 1088 3409 to

163 3437 214 3486 270.
230 3452 284 3483 eum
303 3438 490 3497 toruo-uultu]
513 3438 595 3483 Foret
626 3436 725 3495 perish.'

135 3511 229 3553 toruum
243 3508 342 3553 vultum.
654 3508 704 3552 281.
722 3506 781 3564 Ipae
789 3504 872 3563 perire
881 3501 933 3560 tuo]
964 3500 1016 3546 ‘'l'o
1033 3510 1089 3556 per·

163 3576 214 3627 tta
228 3576 389 3637 circumdata]
420 3576 552 3633 Referring
569 3579 595 3623 to
624 3575 664 3619 ish
675 3575 736 3620 with
746 3574 792 3630 thy
805 3568 944 3629 lightning!
