2492 3900
326 276 494 337 namma,
521 276 606 327 SIVE
630 277 681 327 ΒΕ
706 276 886 328 AMICITIA.
1023 278 1081 338 251

131 460 179 513 est
196 451 387 513 evidentius:
412 452 545 532 primum
567 472 603 512 ex
620 463 657 512 ea
679 452 817 527 caritate,
831 472 911 534 quae
935 462 983 515 est
1003 453 1084 515 inter

130 560 220 610 natos
240 561 281 609 et·
294 561 446 630 parentes,
469 570 546 629 quae
569 549 671 608 dirimi
694 550 751 610 uisi
773 550 949 611 detestabili
968 553 1082 611 scelere

129 665 191 705 non
208 655 329 724 potest3
351 645 463 705 deinde
478 666 548 704 cum
570 645 677 703 similis
700 666 808 705 sensus
828 647 949 706 exstitit
964 646 1083 719 amoris,

130 742 156 801 si
175 742 306 821 aliquem
328 744 410 803 nacti
433 763 548 815 sumus,
564 742 650 802 euius
673 763 743 802 cum
766 744 901 803 moribus
921 755 954 803 et
973 755 1084 804 natura

130 860 343 919 congruamus,
370 840 452 920 quod
477 840 507 900 in
531 860 568 900 eo
590 840 676 919 quasi
708 840 811 899 lumen
836 841 959 920 aliquod
983 841 1082 920 probi·
1113 840 1131 899 t

129 936 204 996 tatis
228 947 258 996 et
283 936 406 996 virtutis
439 937 614 1016 perspicere
643 936 813 995 videamur.
855 939 903 997 28.
924 937 1010 995 Nilril
1034 947 1082 996 est

130 1033 213 1093 enim
228 1033 341 1092 virtute
357 1034 526 1107 amabilius,
538 1034 613 1092 nihil
626 1034 708 1112 quod
725 1034 823 1111 magis
834 1034 959 1093 adliciat
969 1034 1007 1091 ad
1018 1034 1083 1091 dili-

129 1129 284 1208 geudum3
306 1124 418 1208 quippe
438 1150 509 1189 cum
531 1142 658 1209 propter
678 1130 825 1189 virtutem
847 1140 879 1188 et
896 1130 1083 1208 probitatem

91 1226 96 1237 '
129 1225 224 1286 etiam
239 1246 301 1300 eos,
316 1246 393 1304 quos
415 1247 581 1305 numquam
600 1227 743 1299 uidimus,
759 1226 891 1305 quodam
908 1226 1001 1285 modo
1017 1225 1083 1284 dili·

128 1340 248 1401 gamus.
290 1322 368 1393 Quis
394 1325 515 1402 estqui
537 1324 572 1384 O.
593 1323 738 1397 Fabricii,
758 1322 801 1381 Μ’
824 1323 908 1382 Curii
930 1343 992 1381 non
1012 1342 1082 1381 cum
1093 1336 1131 1397 10

129 1418 257 1478 caritate
273 1419 374 1497 aliqua
387 1420 539 1479 benevola
561 1419 741 1478 memoriam
758 1430 892 1499 usurpet,
909 1439 985 1498 quos
999 1439 1084 1478 num-

130 1534 223 1593 quam
234 1514 371 1601 viderit?
413 1515 490 1587 Quis
506 1525 609 1575 antem
626 1525 674 1574 est
689 1515 742 1594 qui
753 1515 954 1595 Tarquinium
972 1516 1083 1594 Super·

129 1610 213 1683 bum,
228 1611 280 1689 qui
296 1611 348 1690 Sp.
364 1612 513 1684 Cassium,
529 1611 581 1690 Sp.
594 1611 742 1670 Maelium
758 1633 819 1671 non
835 1612 961 1672 oderit?
1002 1613 1083 1671 Cum

130 1708 252 1767 duobus
277 1708 407 1768 ducibus
432 1710 471 1767 de
495 1708 613 1788 inperio
638 1708 669 1767 in
696 1707 787 1769 Italia
812 1720 860 1768 est
880 1709 1083 1784 decertatum,

129 1803 251 1883 Pyrrho
279 1815 311 1865 et
337 1790 530 1865 Hannibale:
560 1806 600 1863 ab
622 1805 720 1865 altero
745 1816 871 1885 propter
894 1806 1080 1884 probitatem
1093 1816 1131 1876 15

33 1983 37 1991 Ι
130 1902 195 1962 eius
210 1922 271 1963 uon
287 1902 376 1963 nimis
392 1903 508 1963 alienos
529 1902 650 1962 animos
672 1903 828 1977 habemus,
847 1904 976 1964 alteram
992 1923 1083 1984 prop·

128 2009 178 2060 ter
191 1999 406 2059 crudelitatem
420 2020 542 2078 semper
556 2000 756 2060 haeccivitas
772 2001 881 2063 oderit.

170 2095 228 2156 IX.
250 2099 298 2156 29.
320 2096 414 2168 Quod
429 2097 454 2154 si
468 2107 557 2155 tanta
576 2097 623 2156 ris
638 2097 801 2175 probitatis
819 2109 876 2170 est,
891 2107 925 2157 ut
940 2116 1007 2156 eam
1031 2098 1082 2157 vel
1127 2109 1137 2124 ⁸

128 2194 160 2253 in
176 2193 229 2266 eis,
244 2213 320 2272 quos
341 2213 509 2272 numquam
525 2193 669 2266 vidimus,
684 2194 742 2267 vel,
758 2193 839 2272 quod
864 2194 961 2253 maius
979 2205 1035 2267 est,
1049 2193 1080 2253 in

128 2291 218 2350 hoste
233 2290 327 2350 etiam
342 2290 525 2368 diligamus3
546 2291 619 2370 quid
641 2292 753 2350 mirum
768 2301 823 2364 est,
837 2290 864 2350 si
879 2291 972 2349 animi
987 2290 1130 2357 homi-20

128 2405 203 2446 num
226 2396 417 2458 moveantur,
432 2405 502 2445 cum
518 2406 635 2461 eorum,
649 2387 832 2466 quibuscum
847 2407 904 2445 usu
926 2386 1083 2447 coniuncti

129 2503 197 2543 esse
219 2492 356 2562 possunt,
370 2483 519 2548 virtutem
535 2493 567 2543 et
580 2483 753 2544 bonitatem
774 2483 944 2562 perspicere
958 2483 1083 2542 videan-

158 2641 179 2687 2.
195 2641 327 2687 detestabili
346 2641 442 2701 scelere]
488 2644 532 2697 As,
552 2641 593 2687 for
620 2642 674 2688 The
698 2640 853 2698 subjunctirc
873 2641 903 2686 of
923 2642 1081 2696 eonoesslom

128 2712 289 2768 examplare
306 2711 413 2757 thecase
431 2711 516 2758 ofthe
532 2722 591 2757 sons
621 2710 758 2767 ‘although
789 2709 820 2755 be
850 2709 896 2754 has
925 2721 1001 2754 never
1023 2721 1082 2755 scen

128 2781 159 2827 of
171 2781 199 2826 L.
217 2781 306 2826 Junius
322 2781 422 2835 Brutus,
441 2783 498 2827 wbo
514 2781 591 2830 broko
620 2779 707 2825 them!

128 2851 172 2896 the
191 2850 271 2896 bonds
299 2849 327 2894 os
346 2850 459 2896 affection
481 2853 590 2897 between
649 2850 685 2895 21.
701 2847 852 2906 mereantur]
898 2848 950 2894 The
966 2848 1081 2904 sulrjune-

128 2918 277 2964 themselves
298 2917 347 2962 and
368 2918 431 2964 their
456 2918 538 2964 lether
556 2920 590 2976 by
619 2919 669 2965 tir'e
679 2925 817 2975 represents
825 2919 866 2963 the
877 2918 927 2963 fact
937 2930 963 2967 as
974 2919 1083 2975 existing

128 2986 193 3031 their
203 2990 309 3030 treason.
619 2989 644 3032 in
655 2990 697 3033 the
709 2989 791 3033 miuds
799 2988 828 3032 of
835 2988 905 3033 tlroso
914 2989 971 3032 who
979 2999 1082 3044 express

159 3055 181 3100 3.
196 3055 387 3114 similaremur]
419 3056 456 3100 Se.
466 3055 517 3100 eiua
527 3055 590 3100 curi-
619 3056 661 3100 the
672 3055 879 3113 wonder-ara]
890 3060 896 3080 ⁴
906 3055 935 3100 Iu
946 3055 1082 3112 intimacy!

129 3125 197 3181 tutia,
208 3139 267 3184 qtme
277 3130 312 3170 eat
321 3124 386 3171 iuter
395 3131 465 3170 natos
474 3130 591 3183 etpareu·
649 3127 685 3171 22.
697 3127 809 3185 possunt]
840 3127 893 3172 Tbe
914 3129 1043 3173 indicative
1062 3129 1082 3172 is

128 3199 173 3240 tea.
233 3232 235 3246 ‚
620 3197 682 3241 used
704 3209 732 3241 as
756 3197 850 3252 merely
876 3197 1021 3254 descriprire
1048 3196 1078 3242 of

159 3263 182 3308 5.
197 3263 369 3323 couqruamua]
408 3264 471 3308 ‘We
492 3275 590 3321 sympe-
620 3280 711 3319 eorum,
729 3266 778 3310 aud
797 3270 841 3310 not
859 3268 1006 3322 necessarily
1024 3279 1081 3311 eon·

129 3332 224 3380 thrael·
620 3335 706 3379 neoted
718 3335 777 3378 with
790 3347 819 3378 or
829 3334 1041 3390 dependentupon
1053 3335 1080 3379 it.

159 3401 180 3445 8.
197 3399 356 3460 qru'ppecum]
388 3400 510 3445 ‘Sinceln
527 3399 591 3444 feet!
621 3403 697 3446 Ctea
711 3406 740 3447 εῖι
754 3407 826 3459 perae
841 3402 897 3456 eici,
912 3417 983 3458 qrram
1002 3402 1081 3446 Gallia

161 3470 196 3515 ll.
212 3469 352 3514 memoriam
369 3470 477 3528 κωφοί]
502 3469 591 3513 ‘Cbcr-
620 3470 961 3524 concesserat-discernam,
971 3470 1040 3513 Caes.
1051 3469 1080 3514 B.

130 3539 169 3585 lsh
186 3539 227 3585 the
245 3538 375 3596 memory.’
384 3552 479 3596 -quoa
493 3536 590 3596 videat]
622 3538 654 3582 G.
663 3538 697 3582 iil.
707 3537 872 3593 2.-Zumpt,
883 3535 895 3593 l
905 3535 955 3589 546.
