2492 3900
219 222 278 285 180
487 216 526 273 Μ.
551 219 679 311 rotun
702 219 898 273 CICERONIS

218 405 391 479 praecepta,
419 405 536 476 quanta
563 395 676 456 notitia
703 396 905 475 antiquitatis,
933 416 1012 477 quae
1040 396 1179 457 scientia

217 495 290 555 iuris
311 493 446 573 auguriil
487 491 607 566 Multae
631 492 734 566 etiam,
757 505 792 552 ut
815 492 845 551 iu
868 494 994 553 homine
1018 493 1178 568 Romano,

218 591 357 651 litterae:
378 588 483 649 omnia
496 588 645 648 momoria
656 588 791 661 tenebat,
802 597 864 649 n'on
880 590 1051 649 domestica
1060 590 1177 663 solum,

219 686 274 747 sed
300 685 393 746 etiam
415 694 544 745 externa
568 684 658 744 bella.
699 685 795 745 Cuius
816 706 957 745 sermono
979 685 1024 745 ita
1037 696 1105 745 tum
1119 706 1178 745 cn-

192 780 210 840 5
219 782 291 863 pide
305 782 435 855 fruebar,
450 780 535 861 quasi
550 780 611 840 iam
633 780 804 840 divinarem
829 781 871 856 id,
885 782 969 861 qnod
991 782 1102 856 evenit,
1115 782 1176 842 illo

220 880 383 953 exstincto,
397 880 461 938 sore
478 877 559 937 unde
574 877 725 937 discerem
740 878 903 937 neminem.

260 976 302 1037 V.
324 978 371 1036 13.
393 974 534 1047 Quorsus
548 972 644 1053 igitur
657 974 733 1035 haec
754 985 818 1034 tam
841 975 939 1035 multa
953 975 992 1034 (10
1006 974 1176 1035 Maxime?

221 1074 304 1146 Quia
316 1074 455 1153 profecto
470 1070 583 1130 videtis
605 1070 690 1130 nefas
711 1091 779 1131 esse
801 1073 895 1146 dictis,
916 1074 1056 1133 miseram
1076 1072 1176 1131 fuisse
1242 1083 1243 1086 ’

221 1171 316 1232 talem
338 1177 541 1230 senectutem.
595 1165 665 1226 Nec
688 1177 791 1227 tamen
821 1188 928 1229 omnes
951 1172 1081 1249 possunt
1107 1189 1177 1229 esse
1242 1195 1243 1202 ¹

174 1260 212 1320 10
223 1266 380 1345 Scipiones
405 1274 459 1325 aut
484 1262 623 1336 Maximi,
649 1274 683 1323 ut
711 1264 832 1323 urbium
858 1266 1113 1346 expugnationes,
1140 1274 1179 1325 ut
1242 1253 1243 1272 ¹

222 1364 381 1444 pedestres
406 1361 571 1421 navalesve
599 1379 729 1439 pugnas,
753 1372 789 1421 ut
811 1361 894 1421 bella
921 1382 940 1421 a
962 1383 996 1423 sc
1021 1373 1117 1442 gesta,
1140 1370 1180 1421 ut
1242 1365 1243 1390 ³

223 1460 395 1537 triumphos
422 1458 631 1519 recordentur.
671 1456 730 1517 Est
754 1458 848 1518 etiam
872 1459 974 1538 quiete
990 1473 1022 1519 et
1034 1480 1110 1539 pure
1132 1468 1179 1519 at

223 1576 283 1635 que
305 1556 464 1634 eleganter
486 1564 572 1613 actae
595 1553 707 1613 aetatis
729 1554 850 1633 placida
863 1575 899 1615 ae
913 1555 989 1615 lenis
1013 1568 1178 1616 senectus:
1242 1591 1243 1598 1

225 1652 347 1731 qualem
362 1649 534 1729 accepimus
545 1648 695 1722 Platonis,
706 1650 758 1729 qui
770 1672 832 1711 uno
847 1663 878 1712 et
893 1653 1083 1731 octogesimo
1095 1673 1179 1712 anuo
1242 1707 1243 1710 ,

139 1734 152 1743 ’
178 1748 216 1809 15
226 1749 361 1809 scribens
373 1757 420 1807 est
432 1756 588 1806 mortuus:
604 1747 725 1825 qualem
740 1746 894 1823 Isocratis,
906 1749 958 1829 qui
971 1771 1040 1809 eum
1056 1750 1179 1823 librum,
1242 1733 1244 1738 ¹

227 1844 279 1924 qui
299 1844 548 1903 Panathenaicus
572 1842 756 1918 inscribitur,
778 1857 887 1925 quarto
915 1856 948 1907 et
975 1846 1179 1926 nonagesimo

227 1962 308 2004 anno
323 1940 480 2021 scripsisse
495 1960 528 2000 se
543 1939 628 2014 dicit,
641 1940 778 2022 vixitque
794 1943 1036 2024 quinquennium
1051 1955 1161 2024 postea
1170 1962 1180 2019 ;

229 2039 316 2100 cuius
340 2037 488 2118 magister
511 2036 681 2098 Leontinus
705 2040 836 2121 Gorgias
859 2054 982 2102 centum
1005 2051 1037 2103 et
1059 2050 1180 2120 septem

255 2199 278 2246 2.
292 2198 473 2259 11110171νί1]
512 2198 562 2244 ‘Ol
578 2199 620 2244 the
640 2199 689 2243 law
717 2200 849 2247 character.
881 2199 1181 2261 Eleqaatarffromeliqo,
1242 2212 1243 2261 1

227 2271 281 2315 that
295 2270 387 2316 related
405 2274 431 2314 to
451 2268 641 2328 augme-ut
660 2282 688 2313 m
717 2272 757 2315 ‘te
772 2269 899 2327 choose’),
914 2275 940 2317 to
957 2271 996 2316 his
1012 2276 1074 2316 tusto
1091 2271 1116 2315 in
1141 2269 1181 2315 in·

227 2337 322 2385 homins
347 2337 468 2397 Romano]
504 2338 535 2383 Ut
558 2337 603 2382 has
629 2337 687 2382 here
716 2340 841 2385 tellectnal
852 2341 969 2396 pursuits.
988 2341 1026 2397 By
1037 2345 1107 2400 atquc
1117 2340 1180 2385 heth

227 2421 243 2454 a
257 2409 389 2455 restrictius
407 2409 481 2454 force.
512 2407 689 2464 ‘considering
717 2408 785 2454 ideas
809 2421 851 2454 are
876 2412 902 2453 10
927 2410 956 2454 hc
981 2407 1124 2454 considered
1151 2419 1181 2452 as

227 2479 281 2524 that
299 2478 331 2524 ha
351 2490 401 2523 wass
421 2491 436 2523 a
456 2475 585 2531 Roman;’
601 2477 656 2522 ‘for
674 2488 690 2521 a
719 2477 851 2534 belonging
872 2477 991 2532 together,
1012 2477 1060 2522 and
1080 2475 1182 2533 suppla-

228 2544 450 2594 Romanatleast.’
720 2546 990 2599 mentirrseuchother.

256 2616 278 2661 5.
293 2615 469 2675 110011111010]
502 2615 542 2661 He
558 2615 615 2662 died
625 2614 655 2660 B.
663 2615 691 2660 0.
750 2617 785 2662 13.
797 2614 896 2674 placida
911 2613 1021 2675 10101111]
1051 2612 1182 2660 radicata

227 2685 278 2731 203.
720 2687 861 2743 1110011101.

256 2757 278 2801 6.
286 2753 520 2818 swa-neminem]
542 2753 691 2800 Usedasan
751 2756 786 2800 11.
802 2750 906 2815 wem]
937 2752 975 2798 Sc.
990 2749 1184 2812 smoectuiemsu·

213 2826 362 2881 ‘appositive
373 2826 401 2870 ei
413 2825 448 2871 id.
457 2823 566 2883 -uudc]
597 2823 692 2879 Equiv-
720 2839 775 2870 aare.

228 2893 418 2951 aienttoaquo.
751 2894 786 2938 15.
801 2890 914 2951 11111111]
948 2890 1048 2937 ‘While
1058 2888 1169 2942 111111111ῑῖ

257 2961 280 3009 1.
298 2960 519 3020 Quorsus-haec]
573 2961 612 3007 Sc.
630 2959 691 3016 dixi,
750 2963 787 3007 le.
802 2959 1011 3019 Panathenaicus]
1062 2958 1185 3005 Sectalled
1242 2974 1244 3035 j

232 3029 345 3086 Quartae,
354 3032 417 3077 from
427 3047 481 3091 qun,
489 3044 571 3076 uermes
578 3046 587 3084 ,·
597 3041 691 3084 means,
721 3032 799 3077 either
809 3032 911 3077 because
928 3030 949 3076 it
968 3042 1016 3074 was
1034 3029 1092 3074 read
1103 3034 1127 3072 at
1141 3027 1186 3075 the

229 3099 343 3155 literally‚
365 3097 573 3153 ‘whitherward’
597 3110 626 3143 01
650 3097 691 3143 ‘in
720 3108 789 3157 great
799 3100 897 3145 festival
907 3101 933 3146 in
948 3102 1041 3155 Attica,
1052 3099 1094 3143 the
1107 3097 1186 3142 Pana-

230 3169 297 3212 what
318 3167 473 3221 directionr’
510 3168 587 3212 hence
613 3167 691 3211 ‘with
720 3171 831 3225 thenuen,
847 3171 871 3214 in
891 3171 971 3215 honor
981 3170 1011 3215 01
1027 3169 1133 3222 Athena,
1142 3167 1186 3215 the

230 3237 296 3283 uitat
306 3236 372 3292 aim,'
387 3250 416 3282 er
426 3237 478 3282 'for
489 3235 555 3280 what
569 3235 692 3292 purpose!
721 3243 868 3294 protectress
883 3238 912 3283 oi
926 3238 1030 3292 Athens,
1043 3249 1072 3282 or
1083 3237 1187 3282 betause

260 3309 295 3353 10.
313 3309 437 3366 Scipiones
448 3313 490 3352 aut
499 3307 613 3365 Maximi]
645 3308 661 3352 i.
670 3319 692 3352 e.
722 3307 741 3350 it
757 3318 807 3350 was
823 3306 955 3360 composed
973 3309 998 3348 to
1014 3306 1186 3353 eelehratetht·

231 3389 288 3422 men
300 3377 348 3422 like
359 3378 475 3432 Scipioor
483 3377 621 3421 Maximus.
723 3373 814 3429 praises
834 3374 920 3418 nithe
941 3372 1086 3419 Atheniens.
1125 3374 1186 3423 This

261 3444 297 3490 12.
308 3458 370 3501 pura
384 3450 454 3502 etque
469 3443 597 3502 ehqanterl
629 3443 696 3488 Pure
724 3441 818 3486 oration
829 3442 850 3485 is
860 3441 910 3485 still
922 3445 1014 3485 extant.
1076 3459 1087 3470 ·

231 3511 692 3570 11101110111111111,0101111101
755 3511 789 3558 ll.
804 3509 874 3568 dicit]
905 3506 1183 3558 sniaPunutteaauo.
1242 3464 1244 3483 l
