2492 3900
190 223 231 286 64
486 221 517 272 Ρ.
541 220 665 299 ovmn
687 219 846 272 ursorus
885 297 887 300 y
1002 220 1139 287 [im-rea

136 459 139 470 ,
190 408 207 438 “
218 401 291 461 Non
308 406 397 478 potes
410 397 525 468 invitae
542 397 660 458 Cereris
675 417 866 477 generasse:
888 397 1035 476 roganda,
1102 398 1139 461 75

190 499 264 556 Nou
280 495 427 574 rapienda
443 495 508 554 luit.
551 494 645 565 Quod
661 495 687 552 si
703 514 876 572 conponere
893 495 1013 575 magnis

190 594 292 652 Parva
306 593 381 651 inibi
397 592 442 651 fas
457 601 513 664 est,
527 601 559 650 et
574 611 623 650 me
639 591 748 650 dilexit
763 592 898 670 Anapis:

190 691 329 748 Exorata
344 699 457 762 tamen,
474 709 539 761 nec,
554 699 588 747 ut
601 689 689 766 baec,
704 689 852 748 exterrita
866 688 984 768 nupsi.”

189 787 287 860 Dixit,
301 800 333 846 et
347 788 377 846 in
395 798 498 865 partes
516 785 651 844 diversus
668 785 809 844 bracchia
823 785 954 846 tendens

191 884 330 943 Obstitit.
371 883 463 942 Ilaud
482 883 562 940 ultra
577 881 678 940 tenuit
694 881 855 941 Saturnius
870 882 957 956 iram,
1105 884 1141 944 80

190 981 414 1060 Terribilesque
429 982 569 1041 hortatus
584 999 678 1058 equos
692 979 723 1037 in
738 979 868 1057 gurgitis
882 979 944 1038 ima

191 1078 375 1137 Contortuni
390 1079 492 1137 valido
509 1087 664 1155 sceptrum
678 1076 780 1154 regale
794 1077 909 1137 lacerto

191 1175 346 1235 Condidit.
388 1173 456 1234 Icta
471 1175 552 1232 viam
564 1174 659 1232 tellus
674 1172 706 1231 in
722 1171 850 1232 Tartara
864 1173 946 1247 fecit,

189 1270 233 1330 Et
246 1291 357 1350 pronos
373 1291 477 1332 currus
493 1271 594 1329 medio
610 1280 727 1328 cratere
742 1270 865 1348 recepit.
1022 1253 1026 1262 ¹

188 1369 235 1428 At
251 1369 355 1448 Cyane
370 1379 550 1448 raptamque
567 1368 657 1426 deam
672 1376 912 1446 contemptaque
925 1366 1019 1428 fontis
1104 1368 1142 1430 85

189 1465 261 1524 Iura
276 1467 322 1525 sui
337 1487 484 1538 maerens,
501 1464 723 1525 inconsolabile
738 1464 849 1523 vulnus
1235 1454 1236 1459 ἵ

189 1563 297 1622 Mente
312 1563 392 1642 gerit
406 1563 507 1636 tacita,
523 1562 716 1640 lacrimisque
732 1561 905 1621 absumitur
918 1561 1027 1636 omnis,

188 1659 233 1720 Et
248 1681 374 1740 quarum
389 1661 489 1719 lberat
505 1679 651 1736 magnum
668 1658 761 1718 modo
776 1678 899 1731 numen,
914 1658 945 1717 in
957 1659 1023 1718 illas

189 1757 387 1817 Extenuatur
401 1777 504 1836 aquas.
547 1756 664 1815 Molliri
680 1756 818 1814 membra
832 1756 961 1830 videres,

189 1855 269 1914 Ossa
284 1855 347 1933 pati
363 1855 468 1928 flexus,
485 1874 603 1932 ungues
620 1854 759 1932 posuisse
774 1853 923 1932 rigorem:
1103 1855 1141 1914 90
1235 1872 1236 1931 j

189 1953 355 2032 Primaque
370 1954 409 2011 de
424 1963 490 2012 tota
505 1952 684 2012 tenuissima
698 1972 839 2031 quaeque
854 1952 1036 2032 liquescunt,
1235 1955 1237 1966 '

190 2052 330 2111 Caerulei
345 2050 442 2110 crines
459 2050 609 2129 digitique
626 2059 658 2108 et
674 2070 762 2108 crura
775 2050 947 2129 pedesque:

188 2148 218 2207 N
224 2170 272 2207 :un
287 2148 388 2208 brevis
404 2148 434 2206 in
447 2148 565 2227 gelidas
581 2147 726 2206 membris
741 2147 871 2205 exilibus
884 2147 983 2206 undas

189 2245 350 2305 Transitus
366 2255 428 2305 est:
450 2248 611 2324 posthaec
626 2244 745 2303 burneu‘
759 2254 926 2322 tergusque
939 2244 1083 2325 latusque

189 2340 382 2422 Pectoraque
398 2343 427 2401 in
444 2352 553 2401 tenues
569 2342 684 2401 abeunt
698 2341 830 2399 evanida
844 2341 935 2401 rivos.
1103 2339 1143 2400 95

187 2439 331 2519 Denique
346 2459 401 2517 pro
417 2439 488 2499 vivo
503 2440 629 2499 vitiatas
644 2438 794 2516 sanguine
808 2457 902 2497 venae

188 2538 331 2616 Lympha
345 2536 437 2611 subit,
450 2548 608 2616 restatque
622 2535 706 2609 nibil,
721 2534 803 2614 quod
817 2534 966 2615 prendere
980 2535 1090 2615 possis.

216 2714 253 2764 75.
268 2713 482 2775 repanda-suit]
500 2715 565 2761 ‘She
572 2714 651 2771 ought
709 2712 745 2757 86.
761 2710 944 2771 inconsolabile]
954 2712 1099 2758 ‘Incurable
1107 2714 1143 2770 by

188 2786 214 2828 to
225 2784 287 2827 have
298 2784 358 2827 been
370 2784 447 2827 usked
462 2784 516 2829 for!
680 2794 730 2837 any
742 2781 839 2826 solace’

217 2852 253 2899 77.
268 2850 301 2909 et]
343 2851 495 2907 Equivalent
514 2856 540 2897 to
559 2852 651 2905 etiam
708 2851 745 2896 89.
761 2850 864 2910 aaran]
897 2851 963 2897 ‘One
980 2852 1061 2907 might
1080 2854 1145 2899 have

189 2920 254 2965 ‘and
286 2932 314 2965 so
343 2921 551 2980 toul-Anapis]
598 2922 651 2967 The
680 2922 768 2974 seen3'
783 2922 826 2965 the
836 2923 955 2977 potential
966 2922 1129 2978 subjunctive.

188 2990 260 3033 usual
272 2990 366 3033 formis
378 2990 487 3048 Αηᾶριιε.
708 2991 745 3035 90.
758 2991 908 3051 patifleaus]
940 2991 1144 3037 ‘Bceomeflexi-

218 3057 253 3104 78.
270 3057 353 3115 oripo]
397 3060 435 3102 Sc.
453 3058 476 3102 ei
482 3075 491 3112 ;
512 3059 554 3103 tbe
574 3060 651 3105 uniou
680 3060 738 3105 ble’

188 3126 218 3171 of
225 3127 266 3171 the
277 3134 325 3172 two
336 3128 413 3172 rivers
422 3128 442 3171 is
450 3130 606 3183 represented
617 3130 651 3185 by
708 3129 744 3174 91.
760 3130 789 3175 de
799 3130 859 3189 tota]
887 3130 935 3175 ‘Ol
943 3131 988 3175 her
998 3132 1078 3177 whole
1088 3145 1145 3188 per·

188 3196 230 3241 tho
241 3201 297 3252 poet
307 3208 334 3240 as
345 3208 360 3241 a
370 3199 496 3252 nini-riano.
680 3198 924 3243 senff-tenuissima
940 3200 1053 3258 quaeque]
1086 3201 1146 3245 ‘All

217 3265 253 3311 80.
272 3266 414 3325 Suetonius]
461 3267 528 3311 ‘Tbe
554 3278 599 3312 son
624 3268 654 3311 of
680 3267 721 3311 the
732 3272 797 3311 most
808 3268 906 3313 sleuder
916 3270 999 3324 parts*

189 3334 308 3388 Suturn;'
326 3337 382 3381 bore
394 3336 476 3381 Pluto.
707 3337 744 3381 95.
760 3338 857 3395 abeunt]
890 3339 928 3383 ef.
945 3339 1027 3383 IV.v.
1042 3340 1090 3386 1257.

217 3405 252 3450 81.
269 3405 296 3449 ia
305 3406 410 3465 purqitis
421 3406 483 3465 iota]
522 3405 591 3451 ‘Iulo
607 3406 649 3451 the
708 3406 744 3450 96.
760 3406 870 3466 vitiatas]
902 3408 954 3453 The
966 3409 1146 3454 b10.u-i·.e·sscls

189 3473 277 3531 depths
289 3474 318 3520 os
324 3475 366 3521 the
376 3474 451 3533 peel!
533 3532 543 3549 ·
678 3479 720 3522 too
731 3488 793 3522 were
802 3478 936 3537 beginning
945 3486 972 3525 to
983 3480 1084 3537 liqucfy.
