2492 3900
313 257 410 314 CATO
433 254 563 320 mou,
586 253 674 310 SIVE
697 253 751 310 DE
773 253 999 312 suenorum.
1075 261 1132 324 171
1189 335 1202 358 ·

180 436 250 499 vius
263 436 459 511 commoveri,
473 454 603 518 quarum
626 437 797 498 consolatio
820 445 853 498 et
872 437 972 498 mmor
991 446 1086 500 estet
1100 438 1133 501 in

180 533 263 594 aliud
276 542 401 614 tempus
422 533 600 594 differenda
641 533 737 596 Nunc
758 548 862 594 eutem
882 534 981 595 viuum
997 545 1044 596 est
1057 535 1133 597 mihi

179 631 219 691 de
233 641 394 692 senectuto
415 630 530 710 aliquid
553 631 593 691 ad
616 641 649 692 te
673 632 875 693 conscribere.
916 633 944 692 2.
965 631 1036 693 Hoc
1049 631 1133 692 enim

178 748 279 802 onere,
290 727 374 808 quod
386 727 461 787 mihi
472 747 637 788 commune
648 738 751 789 tecum
763 741 820 804 est,
832 739 885 790 aut
896 730 956 789 iam
972 729 1132 809 urguentis

178 835 233 884 aut
247 834 329 884 certe
344 823 542 884 adventantis
552 825 724 885 senectutis
735 835 768 885 et
779 835 811 886 te
827 837 858 886 et
871 846 922 886 me
936 827 1036 906 ipsum
1050 827 1132 886 leva·
1161 830 1179 890 5

177 920 308 980 rivolo:
329 919 389 980 etsi
412 929 446 981 te
470 920 596 1000 quidem
617 921 650 980 id
671 921 792 982 modice
817 941 853 982 ac
874 923 1037 1002 sapienter,
1052 923 1131 984 sicut

177 1016 289 1090 omnia,
303 1027 335 1077 et
350 1016 429 1077 ferre
450 1026 483 1078 et
502 1017 637 1077 laturum
660 1037 726 1078 esse
748 1027 832 1079 certe
853 1020 925 1079 scio.
967 1019 1027 1079 Sed
1047 1019 1130 1094 mihi,

177 1134 247 1174 cum
261 1115 301 1174 de
322 1122 483 1175 senectute
504 1116 617 1175 vellem
640 1115 757 1195 aliquid
778 1116 918 1189 scribere,
938 1125 973 1175 tu
994 1134 1130 1175 occurre·

175 1209 231 1272 bas
246 1211 358 1290 dignus
371 1231 409 1272 eo
424 1230 636 1292 munereque
649 1222 779 1291 uterque
803 1221 944 1272 nostrum
964 1211 1130 1272 communi·

174 1317 225 1368 ter
238 1317 386 1368 uteretur.
427 1306 507 1367 Mihi
522 1307 649 1388 quidem
663 1307 708 1368 ita
721 1308 856 1369 iucunda
874 1308 967 1368 huius
979 1307 1047 1367 libri
1062 1309 1177 1372 con-10

174 1404 267 1466 sectio
291 1404 359 1480 fnit,
373 1414 410 1465 ut
429 1422 492 1464 non
514 1404 608 1465 modo
629 1423 740 1466 omnes
760 1404 938 1465 absterserit
958 1403 1127 1464 senectutis

173 1500 340 1576 molestias,
368 1501 422 1561 sed
451 1501 587 1561 effecerit
617 1501 744 1562 mollem
773 1501 866 1561 etiam
894 1511 927 1561 et
962 1499 1128 1560 iucundam

174 1608 375 1659 senectutem.
439 1597 621 1677 Numquam
656 1596 753 1678 igitur
786 1594 904 1658 laudari
931 1595 1005 1657 sa'tis
1034 1595 1127 1675 digne

173 1695 368 1775 philosophia
380 1695 505 1774 poterit,
519 1694 568 1755 cui
583 1694 636 1774 qni
661 1704 771 1774 pareat
789 1713 882 1754 omne
899 1704 1022 1774 ternpus
1048 1703 1128 1752 aeta·

173 1791 215 1852 tis
235 1792 301 1852 siue
322 1790 465 1851 molestia
485 1790 586 1870 possit
606 1791 730 1871 degere.
775 1793 803 1851 3.
825 1789 887 1851 Sed
909 1791 948 1850 de
969 1789 1079 1850 ceteris
1094 1798 1126 1849 et
1137 1783 1175 1843 15

173 1888 308 1950 diximus
331 1887 431 1948 multa
453 1897 486 1948 et
510 1907 601 1969 saepe
627 1887 787 1948 dicemus:
806 1889 887 1948 huno
907 1887 1017 1947 librum
1032 1886 1072 1946 ad
1093 1895 1125 1947 te

174 1987 212 2046 de
226 1996 386 2047 senectute
407 1985 554 2046 misimus.
596 1985 732 2045 Omnem
754 1995 858 2047 eutem
880 2004 1056 2046 sermonem
1076 1984 1127 2043 tri·

172 2080 294 2144 hulmus
314 2103 376 2143 uon
401 2082 545 2155 Tithono,
566 2092 602 2142 ut
626 2082 736 2144 Aristo
760 2083 1020 2163 Ceus-parum
1042 2080 1125 2141 enim

173 2190 254 2241 esset
268 2178 461 2241 auctoritatis
485 2178 518 2238 in
538 2178 652 2254 fabula,
662 2179 769 2239 —sed
782 2178 827 2240 M.
842 2178 952 2240 Catoni
974 2178 1049 2252 seni,
1063 2197 1126 2258 quo

172 2351 236 2385 were
255 2338 398 2396 expressed‚
419 2339 439 2384 it
459 2338 543 2384 would
562 2338 632 2395 read,
661 2338 739 2384 luthe
750 2338 909 2394 samemood,
920 2338 1123 2395 astercuiequlv·

172 2408 367 2468 qwtmepoipu
375 2419 531 2453 summm.
661 2408 828 2455 ulcuttoeum
838 2408 1000 2464 ei,·i.e.,cam
1009 2407 1039 2464 ie,
1050 2406 1124 2467 quisi

201 2477 224 2522 1.
238 2474 352 2536 000000]
376 2474 632 2532 Theobjectivooeeul-
657 2482 752 2536 pareat,
763 2484 809 2523 etc,

171 2545 239 2598 110οι
253 2545 275 2590 u
286 2544 328 2590 the
338 2547 399 2590 verb
413 2556 478 2590 were
488 2543 632 2601 expressod‚
692 2544 728 2591 18.
746 2545 859 2605 Tithduo]
880 2546 986 2601 Aurora,
998 2545 1032 2601 by
1038 2545 1122 2591 whom

171 2624 209 2660 wo
218 2614 299 2671 might
309 2614 371 2658 bave
381 2626 441 2670 quae
450 2611 579 2665 0000001001,
590 2614 634 2656 ‘to
662 2616 693 2661 he
702 2626 754 2660 was
764 2613 1004 2670 belovedmhtaiued,
1013 2615 1123 2671 through

171 2682 251 2728 sffosd
276 2682 430 2727 consolation
449 2681 475 2725 iu
492 2680 581 2737 regurd
606 2683 632 2725 to
662 2674 1060 2743 herpreyers,hlslmrirortullty;
1076 2682 1122 2728 but

170 2749 433 2809 thecel-mereat]
459 2750 475 2795 l.
493 2761 515 2796 e.
529 2748 634 2795 maioris
662 2763 689 2797 es
706 2752 750 2797 she
767 2752 817 2797 had
834 2752 953 2809 lorgotteu
974 2754 999 2795 to
1018 2750 1064 2795 usk
1083 2751 1122 2796 sor

169 2818 483 2878 opnaeeasttsatoended
492 2818 553 2864 with
562 2830 635 2865 more
661 2822 789 2880 perpetual
808 2820 896 2880 youth,
912 2820 942 2866 he
958 2820 1122 2877 experieneed

147 2888 308 2947 -dlfflcultyl
353 2893 357 2898 '
661 2892 696 2939 all
720 2892 763 2938 the
787 2891 925 2938 infirmities
949 2889 979 2935 of
999 2889 1042 2935 old
1066 2902 1121 2948 ago.

198 2959 221 3005 5.
235 2958 372 3018 encardia]
403 2957 489 3004 Cicero
503 2969 554 3004 was
570 2957 631 3004 theu
661 2958 983 3017 Whencoadecrepidold
997 2972 1055 3005 man
1071 2972 1120 3006 wus

169 3028 299 3085 slxty-two
308 3039 380 3085 years
390 3027 441 3073 old.
660 3031 728 3077 otton
753 3030 918 3090 proverbially
932 3028 1012 3075 called
1036 3028 1120 3075 Titho-

198 3098 220 3147 7.
235 3102 297 3144 certe
306 3097 366 3157 ecio]
383 3098 421 3144 cf.
433 3101 567 3156 note,pcge
579 3095 630 3152 llll,
660 3112 715 3147 uus.

169 3167 218 3214 llne
227 3168 251 3213 4.
690 3168 724 3215 19.
739 3166 808 3227 esset]
849 3167 910 3212 This
929 3167 988 3212 verb
1010 3178 1069 3223 may
1089 3167 1120 3213 be

199 3235 234 3281 to.
249 3233 366 3294 ianuar]
398 3234 559 3292 Snlsjrmctive
574 3234 602 3279 ln
614 3245 631 3279 a
658 3238 777 3295 regarded
788 3249 815 3282 as
825 3238 940 3293 standing
948 3237 973 3281 ln
979 3237 1021 3281 the
1029 3235 1119 3294 epodo·

168 3305 270 3351 relative
281 3305 363 3351 clause
373 3305 402 3350 of
409 3306 494 3350 result.
659 3308 692 3352 sls
713 3307 742 3353 of
765 3319 780 3352 a
799 3306 950 3353 conditional
977 3306 1066 3362 clause,
1093 3304 1123 3351 01

198 3374 234 3419 12
248 3370 535 3433 mollem-iucundum]
555 3372 631 3418 Pred-
660 3375 740 3420 which
759 3375 802 3420 the
821 3374 925 3431 prouisis
939 3385 998 3429 may
1014 3374 1044 3419 be
1062 3384 1119 3430 sup-

167 3444 230 3491 teate
239 3444 379 3502 adjectives.
660 3444 727 3501 pllod
737 3443 771 3499 by
782 3455 851 3488 some
861 3443 922 3488 such
933 3443 1076 3499 expression
1091 3452 1119 3487 es

198 3513 234 3560 14.
246 3512 345 3573 pareat]
375 3511 534 3568 Sulojuuctiwe
548 3511 629 3567 byat-
658 3511 735 3558 01100
747 3510 1044 3572 faceremus-Galba]
1072 3510 1121 3559 See

166 3583 273 3631 0001100
282 3584 345 3631 auor
350 3581 437 3643 possit,
447 3578 633 3626 whichislcsell
658 3578 712 3627 Life
721 3580 751 3627 or*
758 3578 827 3637 Ceto,
835 3591 897 3638 page
908 3576 957 3625 163.
