2492 3900
107 259 245 325 264-285.]
306 253 663 310 METAMORPHOSEON
686 253 798 304 LIBER
821 252 871 303 vl.
1023 252 1062 316 77

106 435 255 497 “Parcite
267 435 300 497 l”
341 435 449 496 Motus
464 443 538 509 erat,
553 453 623 494 cum
638 430 701 491 iam
713 430 889 491 revocabile
902 431 1002 492 telum

105 532 180 592 Non
195 533 263 607 suit,
277 534 470 593 Arcitenens.
511 529 645 591 Minimo
659 538 764 589 tamen
780 527 894 588 occidit
907 528 960 589 ille
1002 529 1061 591 120

106 629 255 705 Vulnere,
269 651 330 690 non
347 631 407 690 alte
422 649 568 709 percusso
583 628 676 688 corde
691 627 814 705 sagitta.

45 732 49 738 '
146 725 245 786 Fama
259 727 332 786 mali
346 727 510 806 populique
526 727 615 786 dolor
628 715 833 803 lacrimaeque
847 743 974 783 suorum

106 822 187 882 Tam
200 824 319 884 subitae
334 835 464 883 matrem
479 835 594 883 certam
608 822 709 882 fecere
724 823 839 896 ruinae,

105 920 273 981 Mirantem
286 921 434 1001 potuisse,
448 921 701 998 irascentemque,
717 918 800 998 quod
814 918 879 978 ausi

106 1017 177 1076 Iloc
191 1028 294 1078 essent
308 1017 420 1098 superi,
435 1017 518 1097 quod
532 1026 654 1077 tantum
669 1015 743 1074 iuris
758 1015 916 1075 haberent.
1003 1015 1060 1074 125

106 1112 190 1173 Nam
204 1124 295 1194 pater
307 1114 467 1193 Amphion
481 1115 562 1174 ferro
575 1134 631 1193 per
644 1123 753 1194 pectus
768 1113 879 1172 adacto

105 1209 245 1271 Finierat
259 1211 392 1270 moriens
406 1211 522 1290 pariter
535 1230 605 1271 cum
619 1211 689 1269 luce
704 1210 851 1269 dolorem.

105 1305 178 1367 Heu
193 1317 344 1388 quantum
357 1307 434 1368 haec
447 1306 549 1366 Niobe
563 1306 666 1366 Niobe
681 1305 817 1366 distabat
831 1306 870 1364 ab
884 1304 946 1379 illa,

106 1403 195 1476 Quae
209 1405 304 1465 modo
319 1404 425 1464 Latois
438 1404 587 1484 populum
601 1393 883 1476 submovet-araris,

105 1501 149 1562 Et
163 1502 298 1561 mediam
311 1502 427 1562 tulerat
441 1521 564 1581 gressus
577 1500 721 1580 resupina
735 1519 790 1578 per
803 1500 920 1574 urbem,
1002 1499 1060 1560 130

105 1597 263 1658 Invidiosa
276 1600 347 1674 suis,
363 1610 395 1660 at
409 1620 491 1659 nunc
504 1598 678 1658 miseranda
691 1597 742 1657 vel
755 1596 858 1657 hostii

107 1693 293 1774 Corporibus
308 1697 418 1775 gelidis
431 1695 591 1770 incumbit,
606 1706 639 1755 et
653 1695 760 1756 ordine
774 1696 859 1755 nullo

106 1789 221 1849 Oscula
235 1791 394 1869 dispensat
408 1803 498 1851 natos
514 1811 657 1870 suprema
670 1811 726 1870 per
739 1812 855 1852 omnes.

105 1885 136 1944 A
152 1887 262 1965 quibus
277 1887 317 1946 ad
332 1887 451 1946 caelum
465 1888 593 1947 liventia
607 1888 751 1948 bracchia
764 1889 885 1965 tollens,

105 1989 122 2018 “
131 1982 270 2057 Pascere,
284 1984 426 2057 crudelis,
439 1996 555 2058 nostro,
569 1984 697 2058 Latona,
711 1986 825 2060 dolore,
846 2013 851 2019 ·
1002 1986 1060 2046 135

105 2077 237 2139 Pasc'ere
246 2079 262 2108 ”
277 2080 330 2154 ait,
343 2082 507 2159 “satiaque
522 2100 592 2141 meo
608 2091 662 2141 tua
674 2093 801 2161 pectora
813 2083 919 2144 luctu:

106 2175 228 2256 Corque
242 2175 340 2236 ferum
354 2176 457 2237 satia”
472 2178 569 2238 dixit:
582 2185 664 2258 “per
676 2179 785 2239 funera
797 2189 918 2259 septem
942 2219 943 2223 =

104 2271 233 2333 Efferor.
273 2272 414 2347 Exsulta,
427 2274 601 2354 victrixque
614 2275 739 2336 inimica
752 2276 917 2356 triumpha.

105 2371 170 2429 Cur
183 2380 288 2430 autem
301 2371 435 2430 victrix?
456 2371 584 2431 miserae
598 2373 675 2431 mihi
688 2374 777 2452 plura
791 2382 967 2452 supersunt,

105 2465 208 2536 Quam
223 2466 279 2526 tibi
293 2467 382 2527 felici.
422 2466 501 2528 Post
516 2478 564 2528 tot
579 2489 702 2548 quoque
716 2471 825 2529 funera
839 2469 956 2530 vinco.”
1002 2472 1060 2532 140

133 2625 183 2671 120.
199 2625 455 2687 Minimo-vulnere]
498 2626 566 2685 Pity,
627 2628 677 2674 1³1.
692 2627 827 2687 Invidiosa]
872 2628 939 2674 Herc
963 2628 1059 2685 passive

103 2694 200 2750 though
229 2694 316 2739 shown
340 2700 382 2739 too
408 2696 464 2750 late,
489 2697 566 2741 broka
596 2699 718 2751 insenee;
736 2696 857 2753 ‘euried,’
872 2710 901 2742 or
915 2700 962 2742 ‘an
980 2698 1061 2754 olrject

103 2764 241 2809 eomewhut
250 2764 291 2810 the
302 2764 368 2810 force
379 2766 408 2810 ot'
421 2765 462 2811 the
473 2766 536 2810 bow.
590 2768 627 2813 os
643 2765 813 2824 envy.’-uel]
855 2766 941 2812 ‘Eveu
952 2766 975 2821 ;’
991 2770 1060 2812 otteu

133 2833 183 2879 123.
199 2838 288 2879 emam
311 2833 404 2895 sacae]
451 2834 500 2881 For
525 2836 567 2881 the
597 2834 906 2900 thqswlthsuperlatlves.

102 2913 171 2947 morc
182 2902 254 2945 usual
264 2902 390 2947 certiorem
394 2900 502 2963 seuera
628 2904 805 2963 1310000110]
836 2904 852 2949 1.
872 2916 893 2950 e.
910 2904 974 2950 from
993 2906 1060 2951 beat-

132 2970 183 3016 lar.
195 2970 313 3031 potuisse]
353 2972 448 3029 Supply
469 2985 567 3029 asperos
596 2974 648 3029 ing,
658 2985 686 3017 as
696 2985 712 3017 a
722 2974 797 3018 token
809 2973 838 3019 of
844 2973 915 3029 grief.

102 3050 130 3083 ae
141 3040 235 3096 subject
245 3041 294 3086 and
305 3040 349 3085 tor
360 3052 387 3085 as
397 3041 485 3097 object.
628 3042 677 3087 135.
693 3041 808 3102 Parcere]
824 3042 966 3097 Rollexive3
983 3042 1060 3088 ‘feast
1146 3096 1151 3101 Ι

133 3107 183 3152 126.
200 3106 277 3167 Num]
296 3108 348 3155 The
359 3109 506 3163 thouahtis:
520 3108 571 3155 ‘Of
597 3110 724 3170 yoursolt'

96 3174 567 3239 ,Niobeonlyneedwespeak‚f0r,’etc.
628 3181 677 3229 137.
689 3192 735 3239 per
758 3180 863 3242 funera]
905 3181 987 3227 ‘Over
1017 3183 1059 3227 the

133 3244 325 3304 12100011ιο0]
356 3246 442 3289 ‘With
454 3245 492 3290 his
508 3245 567 3291 life!
597 3260 697 3305 corpses
709 3250 738 3293 of
749 3250 791 3295 the
807 3248 954 3294 sevcnlam
965 3250 1058 3295 carried

132 3314 181 3359 130.
197 3314 402 3375 tuleratqreaaru]
434 3316 508 3361 ‘Had
523 3316 566 3360 ud·
596 3324 640 3363 out
650 3318 690 3361 for
699 3316 795 3362 huual!
819 3316 850 3361 In
859 3316 1059 3376 efferorohserve

101 3383 196 3429 vanced
205 3382 228 3437 ς’
243 3385 348 3442 aproud
359 3384 408 3430 and
419 3385 507 3441 stately
515 3386 568 3437 uait
597 3385 640 3429 the
656 3385 723 3430 force
734 3385 763 3429 of
775 3384 817 3429 the
834 3385 1000 3441 prepositiou;
1016 3385 1058 3430 the

102 3453 125 3498 it²
148 3452 432 3513 implica-raupina]
480 3454 567 3501 ‘With
596 3453 707 3497 ancients
727 3452 770 3497 did
791 3456 834 3497 not
853 3455 942 3508 pennu
967 3452 1059 3498 burlals

100 3520 168 3568 head
177 3520 275 3568 thrown
284 3521 365 3569 back?
394 3521 517 3571 (11011.
595 3521 684 3568 within
693 3521 737 3567 the
746 3521 816 3567 walls
826 3519 856 3565 ot
867 3520 943 3566 citios
