2492 3900
296 220 513 272 lauranum
536 219 658 272 usam
680 219 792 270 amun
815 219 895 272 vm.
1025 203 1096 280 147ι

167 394 262 457 XXI.
282 395 409 477 Regum
428 405 535 457 tamen
555 395 685 470 luxuria,
700 415 790 476 quam
810 394 870 474 ipsi
890 394 1085 475 magnificen-

127 494 205 555 tiam
237 495 403 573 appellant,
433 514 525 573 snper
554 494 691 554 omnium
713 493 852 573 gentium
877 493 961 552 vitia.
1004 494 1083 554 Oum

128 611 182 651 rex
197 601 297 651 semet
319 591 352 650 in
374 591 499 670 publico
520 590 658 668 conspici
678 590 804 670 patitur,
829 590 965 649 turibula
979 609 1084 670 argen-
1172 667 1173 670 Ἴ

128 696 181 749 tea
194 687 326 747 ministri
341 688 443 746 ferunt
455 696 617 765 totumque
632 686 699 760 iter,
710 706 765 764 per
778 687 860 765 quod
871 685 942 745 ferri
953 687 1084 746 destina

128 785 184 859 vit,
222 784 370 843 odoribus
406 784 562 862 conplent.
621 783 729 842 Aurea
761 782 878 855 lectica,
910 783 1083 862 margaritis
1112 777 1130 836 5

130 879 460 959 circumpendentibus,
487 880 637 938 recubat:
674 879 820 938 distincta
848 888 921 939 sunt
949 899 1023 939 auro
1052 889 1085 940 et

129 988 265 1058 purpura
278 977 412 1050 carbasa,
434 995 513 1055 quae
527 975 656 1035 indutus
672 984 737 1034 est:
758 975 899 1035 lecticam
914 985 1085 1055 sequuntur

131 1073 241 1133 armati
255 1072 451 1152 corporisque
466 1071 619 1145 custodes,
634 1072 716 1131 inter
729 1091 805 1150 quos
821 1072 913 1132 ramis
925 1091 998 1132 aves
1013 1093 1084 1152 pen·

131 1171 216 1251 dent,
244 1189 319 1250 quas
345 1179 439 1228 cantu
467 1167 553 1228 seriis
581 1168 672 1227 rebus
694 1167 871 1248 obstrepere
900 1168 1083 1230 docuerunt.

134 1266 233 1346 degis
257 1275 378 1326 auratas
403 1265 561 1325 columnas
585 1265 698 1324 habet:
734 1275 817 1324 totas
840 1284 891 1325 eas
911 1266 984 1326 vltis
1010 1287 1083 1328 auro
1093 1262 1131 1322 10

131 1365 249 1424 caelata
262 1362 419 1442 percurrit,
441 1362 615 1441 aviumque,
630 1381 760 1441 quarum
775 1362 844 1422 visu
864 1363 998 1422 maxime
1012 1384 1085 1444 gau-

131 1460 215 1534 dent,
248 1470 413 1539 argenteae
445 1459 560 1539 effigies
594 1478 688 1538 opera
723 1458 927 1539 distinguunt.
983 1460 1085 1540 Regia

131 1557 317 1617 adeuntibus
331 1565 428 1635 patet,
442 1575 511 1615 cum
527 1576 581 1614 rex
596 1555 740 1634 capillum
755 1557 852 1635 pectit
867 1567 959 1636 atque
974 1569 1084 1619 ornat:

131 1663 208 1714 tunc
221 1673 370 1733 responsa
390 1652 606 1732 legationibus,
621 1661 697 1712 tunc
717 1652 785 1712 iura
805 1654 1002 1733 popularibus
1016 1656 1085 1714 red-

68 1825 71 1828 *
133 1745 188 1804 dit.
228 1745 373 1823 Demptis
388 1745 488 1817 soleis,
502 1744 647 1804 odoribus
662 1743 832 1805 inlinuntur·
852 1746 955 1824 pedes.
1093 1752 1132 1814 15

172 1841 282 1901 XXII.
303 1841 446 1901 Venatus
470 1841 621 1900 maximus
646 1841 733 1900 labor
760 1851 808 1902 est
829 1842 945 1903 inclusa
965 1843 1085 1905 vivario

45 1994 55 2003 .
134 1938 277 2000 animalia
290 1938 372 1997 iuter
385 1947 459 1998 vota
480 1947 649 2018 cantusque
663 1938 808 2018 pellicum
823 1939 926 2019 figere.
967 1940 1085 2002 Binum

135 2036 309 2097 cubitorum
333 2035 465 2115 sagittae
487 2043 568 2108 sunt,
606 2054 682 2115 quas
703 2036 851 2096 emittunt
871 2038 983 2097 maiore
1007 2039 1085 2113 nisu,

133 2152 226 2213 quam
255 2132 376 2191 effectu.
418 2131 542 2211 Quippe
576 2132 683 2205 telum,
710 2132 797 2193 cuius
823 2133 856 2193 in
883 2133 1009 2195 levitate
1037 2136 1085 2195 vis

134 2229 234 2291 omnis
248 2238 303 2303 est,
317 2228 444 2289 inhabili
458 2229 596 2307 pondere
617 2239 770 2290 oneratur.
811 2230 962 2291 Breviora
975 2232 1085 2293 itinera
1093 2236 1133 2297 20

135 2346 215 2407 equo
242 2326 383 2387 conficit:
417 2326 539 2405 longior
566 2325 620 2386 ubi
647 2326 804 2406 expeditio
838 2338 894 2401 est,
929 2328 1086 2408 elephanti

135 2424 254 2484 vehunt
268 2442 399 2497 currum,
414 2432 446 2483 et
460 2432 616 2483 tantarum
627 2422 787 2482 beluarum
798 2443 926 2502 corpora
936 2434 1003 2485 tota
1018 2446 1087 2486 con·

135 2528 247 2600 tegunt
261 2539 344 2580 auro.
384 2520 435 2579 Ac
455 2540 495 2578 ne
517 2520 591 2599 quid
604 2518 732 2597 perditis
753 2520 887 2580 moribus
902 2520 991 2595 desit,
1005 2521 1087 2582 lecti·

135 2679 177 2725 the
196 2679 273 2725 heard
293 2678 357 2725 from
373 2679 415 2724 the
435 2682 486 2725 rcst
504 2678 534 2741 oi
550 2679 592 2725 the
654 2677 676 2723 8.
691 2677 755 2723 inter
775 2678 843 2739 qnos]
898 2678 986 2726 Strabo
1012 2684 1087 2728 states

135 2749 197 2803 face,
208 2749 306 2807 leaving
316 2750 334 2793 it
344 2750 450 2795 smooth.
469 2797 472 2804 Ι
626 2749 680 2793 that
698 2750 739 2793 the
755 2749 852 2806 boughs
869 2761 934 2795 were
951 2751 1045 2796 carried
1062 2752 1088 2797 in

164 2818 186 2863 2.
201 2818 272 2877 vitia]
318 2818 334 2864 i.
358 2831 380 2864 c.
400 2823 497 2878 superat
516 2817 598 2873 citia;
626 2829 735 2875 wagons.

136 2890 278 2945 ‘surpasses
289 2888 331 2934 tbc
342 2888 452 2946 luxury‘
472 2889 501 2934 ol
512 2889 546 2934 all
556 2901 599 2934 na
657 2888 680 2932 9.
695 2886 835 2946 obstrepere]
883 2888 935 2934 ‘To
952 2889 1088 2948 interrupt'

144 2959 217 3003 tious.
629 2957 678 3002 and
689 2957 792 3013 thereby
802 2956 900 3003 relieve.

164 3027 187 3073 3.
202 3027 321 3088 turibula]
361 3028 414 3075 The
432 3030 531 3075 incense
548 3041 599 3075 was
659 3026 693 3071 12.
710 3026 873 3087 distinguant]
906 3028 1024 3086 ‘Adora’
1035 3030 1089 3075 ‘set

136 3098 598 3156 carriedtothetemplcintheacma,
629 3094 678 3141 off!

135 3167 184 3213 and
195 3166 291 3212 bumcd
302 3168 326 3211 in
337 3167 379 3212 the
389 3167 527 3213 tundalum.
659 3165 692 3209 13.
710 3179 764 3211 cum
774 3179 850 3211 rea-
854 3165 939 3225 pectit]
1000 3166 1088 3213 Strabo

164 3236 186 3281 6.
201 3235 314 3281 odoribus
344 3236 464 3296 conplent]
536 3236 596 3281 This
628 3244 685 3288 says
700 3234 954 3292 thatthekinggivcs
968 3236 1088 3291 audiente

135 3303 224 3358 honor,
241 3304 323 3348 which
341 3315 391 3348 was
406 3304 537 3361 originally
556 3307 597 3349 ne·
628 3301 718 3357 during
728 3301 770 3347 the
781 3295 864 3347 wbcle'
872 3303 928 3358 day.

135 3371 230 3417 stowed
249 3383 317 3427 upon
336 3372 379 3417 the
399 3372 492 3428 images
511 3372 542 3416 ot
557 3373 598 3418 the
658 3370 692 3415 15.
708 3370 829 3429 odorabas]
862 3371 1035 3418 ‘Ointmcnta'

135 3440 207 3497 gods,
227 3451 277 3485 was
308 3450 369 3485 soon
400 3440 549 3486 transferred
573 3443 599 3486 to
657 3438 693 3485 23.
710 3440 781 3499 acro]
818 3440 865 3485 ie.
882 3442 1002 3499 housings
1017 3452 1088 3491 orna-

135 3508 217 3565 kings.
628 3509 728 3555 mented
739 3510 798 3554 with
808 3509 875 3566 gold.
