2492 3900
315 230 481 293 LAELIUS,
507 230 591 282 siva
615 230 667 281 Du
690 228 872 283 Aulcim.
1007 229 1067 293 273

115 406 148 482 ii,
162 405 215 488 qui
229 406 400 487 superiores
415 416 495 482 sunt,
509 406 693 469 submittere
706 427 740 469 se
751 407 867 469 debent
879 406 915 467 in
925 405 1069 483 amicitia,

9 540 15 553 ·
116 505 162 565 sic
176 504 310 585 quodam
326 500 419 564 modo
433 504 591 565 inferiores
613 505 769 565 extollere.
811 505 892 565 Sunt
909 504 991 564 enim
1005 504 1069 586 qni·

116 602 199 676 dam,
209 601 261 681 qui
275 602 423 662 molestas
436 600 586 663 amicitias
596 601 722 673 faciunt,
733 621 803 660 cum
818 601 878 680 ipsi
888 621 920 660 se
932 610 1069 662 contem-

115 699 149 757 ni
171 708 302 778 putant;
326 699 409 778 quod
434 718 495 758 non
510 698 573 757 fere
594 697 747 777 contingit
767 698 824 757 nisi
839 697 891 771 eis,
906 698 959 777 qui
972 698 1069 759 etiam

115 795 359 856 contemnendos
374 816 407 856 se
422 794 617 869 arbitrantur,
633 794 685 873 qui
700 794 757 854 hae
771 793 988 873 opinionenou
1003 813 1069 856 mo·
1096 795 1117 857 ὁ

115 892 158 951 do
173 893 283 968 verbis,
297 893 352 953 sed
373 893 467 953 etiam
489 912 583 973 opere
599 891 726 951 levandi
739 900 820 950 sunt.
862 891 909 951 73.
930 889 1069 951 Tantum

116 1000 222 1049 autem
243 990 352 1069 cuique
372 990 581 1064 tribuendum,
600 989 901 1068 primum‚quantum
922 988 987 1068 ipse
1009 988 1069 1047 effi·

116 1106 185 1146 cere
206 1087 322 1166 possis3
347 1087 459 1147 deinde
480 1086 583 1161 etiam,
599 1096 750 1168 quantum
769 1085 831 1159 ille,
845 1104 936 1165 quem
958 1084 1069 1164 diligas

117 1191 211 1261 atque
232 1181 369 1256 adiuves,
383 1182 542 1243 sustinere.
583 1181 658 1242 Non
680 1181 763 1242 enim
781 1200 881 1261 neque
902 1190 938 1240 tu
958 1179 1069 1259 possis,

117 1277 257 1357 quamvis
271 1277 344 1338 lieet
354 1278 496 1351 excellas,
511 1298 617 1338 omnes
632 1287 703 1338 tuos
718 1277 758 1337 ad
772 1278 906 1338 honores
919 1274 1069 1355 amplissi·
1078 1276 1117 1337 10

117 1394 184 1433 mos
207 1374 393 1453 perducere:
415 1382 450 1433 ut
475 1374 578 1454 Scipio
598 1374 635 1433 P.
655 1373 816 1454 Rupilium
836 1372 940 1454 potuit
963 1392 1070 1433 oonsu-

116 1470 178 1529 lem
198 1471 324 1544 efficere,
339 1471 463 1530 fratrem
483 1471 548 1530 eius
571 1469 702 1530 Lucium
724 1491 786 1530 non
802 1470 922 1549 potuit;
944 1469 1026 1549 quod
1042 1468 1069 1529 si

117 1566 209 1626 etiam
225 1567 322 1646 possis
336 1567 458 1646 quidvis
480 1566 596 1627 deferre
619 1567 659 1625 ad
681 1567 820 1639 alterum,
834 1565 1004 1625 videndum
1018 1573 1069 1625 est

117 1672 220 1724 tamen
237 1663 309 1743 quid
325 1665 376 1723 ille
387 1664 484 1743 possit
498 1663 659 1723 sustinere
694 1663 741 1723 74.
762 1661 900 1722 Omnino
914 1661 1068 1721 amicitiae

117 1760 343 1820 corroboratis
335 1780 396 1820 ram
408 1759 658 1839 confirmatisque
671 1769 705 1819 et
719 1758 850 1837 ingeniis
866 1768 898 1818 et
913 1758 1067 1832 aetatibus
1078 1764 1115 1824 15

116 1856 298 1917 iudicandae
314 1867 394 1932 sunt,
408 1876 474 1930 nee,
488 1857 513 1917 si
528 1857 581 1937 qui
595 1857 723 1916 ineunte
743 1864 845 1916 aetate
863 1854 998 1915 venandi
1012 1862 1098 1916 aut

116 1954 196 2033 pilae
210 1954 340 2016 studiosi
354 1956 487 2029 fuerunt,
501 1975 554 2015 eos
566 1955 680 2014 habere
699 1953 894 2025 necessarios,
908 1973 985 2033 quos
999 1961 1068 2014 tuni
1134 2029 1137 2034 Ι
1161 1957 1166 1968 ”

117 2051 227 2111 eodem
246 2052 351 2112 studio
372 2051 529 2132 praeditos
552 2051 738 2111 dilexerunt
778 2049 846 2110 Isto
866 2050 950 2111 enim
973 2049 1068 2164 modo

146 2216 166 2263 1.
181 2216 319 2262 admittere
341 2215 376 2276 ee]
422 2217 477 2262 ‘To
501 2217 577 2264 lower
604 2217 708 2272 Imaus,
718 2217 761 2262 the
769 2225 829 2273 year
838 2215 902 2262 aster
910 2215 954 2264 the
963 2215 1068 2263 murder

117 2285 279 2332 themselves’
296 2290 322 2332 to
338 2286 381 2332 the
399 2286 463 2333 level
473 2286 503 2332 of
511 2287 576 2334 their
603 2287 635 2333 ot
646 2286 683 2332 Ti
695 2285 830 2331 Gracchus.
860 2287 900 2332 He
917 2297 976 2332 was
983 2298 1015 2332 en
1029 2286 1067 2332 iu·

116 2354 166 2402 less
178 2355 278 2401 fsvorod
289 2355 389 2400 diendo.
604 2355 689 2400 timete
700 2355 780 2400 tiiond
796 2354 826 2400 oi
842 2353 923 2412 Scipio
934 2354 1067 2400 Ati-iconas

119 2422 167 2468 2.
181 2421 308 2483 inferiores
318 2423 436 2482 amoime]
453 2423 575 2470 ‘Toraise
604 2425 695 2481 Minor,
706 2425 763 2469 who
779 2424 896 2471 obtained
910 2424 953 2469 the
969 2423 1067 2468 eonsul-

117 2504 150 2550 np
160 2493 224 2538 their
238 2492 367 2538 inferiore:
391 2493 465 2538 Some
475 2494 575 2550 editors,
604 2494 660 2552 ship
670 2494 708 2540 ior
718 2494 778 2550 him,
788 2496 832 2547 hut¹
842 2493 899 2540 who
907 2493 980 2538 failed
988 2493 1014 2538 in
1024 2493 1066 2540 the

116 2563 238 2617 however,
250 2563 340 2619 supply
350 2562 444 2608 sewith
458 2563 574 2619 attollere,
604 2569 709 2622 attempt
727 2568 754 2609 to
769 2564 826 2620 gain
846 2564 888 2608 the
904 2574 971 2608 seme
986 2561 1067 2608 houor

116 2630 579 2692 endmakeinserioresthesuhjeotoi'
604 2631 642 2678 ior
661 2635 700 2679 his
720 2633 821 2679 brother
839 2633 938 2678 Lucius.
984 2631 1025 2677 He
1044 2632 1066 2677 is

115 2699 205 2746 debent.
604 2703 658 2748 said
673 2708 700 2749 to
718 2704 781 2748 have
797 2703 872 2748 taken
888 2702 926 2747 his
944 2701 1066 2747 brothers

143 2767 166 2813 3.
182 2767 303 2828 molestas]
334 2768 402 2815 Here
419 2781 434 2814 a
451 2768 574 2826 predicate
604 2765 692 2816 fnilure
711 2783 739 2816 so
760 2771 834 2816 much
854 2776 880 2815 to
900 2770 971 2816 heart
990 2781 1018 2814 as
1038 2773 1066 2815 te

115 2836 248 2894 adiective;
275 2839 346 2884 ‘who
371 2839 461 2884 render
482 2838 574 2885 tiend-
603 2839 667 2885 have
678 2841 734 2887 died
743 2841 768 2885 in
777 2851 954 2896 consequence.

115 2907 183 2963 ships
202 2919 302 2954 sources
326 2908 355 2953 of
375 2909 575 2965 arrnoyanoe.'-
634 2908 668 2953 14.
687 2904 1065 2967 Οηιηὶοίο-ἰυόἰοωιᾱαοικπί]

115 2975 172 3036 ipa]
204 2977 289 3034 ‘They
299 2978 467 3032 themselves,'
479 2990 506 3024 as
517 2990 574 3024 con·
603 2977 656 3024 The
667 2978 722 3023 ides
732 2979 760 3033 is,
772 2978 832 3023 ‘We
839 2979 917 3035 ought
924 2982 1065 3034 uottopass

46 3091 49 3097 ,
114 3047 206 3093 trusted
222 3048 282 3092 with
296 3047 427 3104 amicitiae,
438 3049 502 3094 their
511 3049 574 3094 rela-
603 3059 650 3092 our
666 3047 800 3104 judgment
822 3059 889 3103 upon
914 3047 1065 3103 friendships

114 3114 178 3158 tione
189 3115 217 3159 oi
228 3115 321 3162 friends
317 3117 372 3173 hip.
602 3117 665 3161 until
678 3116 738 3161 both
753 3116 795 3162 the
806 3116 903 3161 natural
918 3117 1065 3174 disposition

141 3183 163 3229 9.
180 3183 361 3246 Non-neque]
393 3185 444 3231 For
463 3185 504 3232 the
523 3189 573 3231 two
602 3185 1065 3242 ondagohtvebeeueetahiishedend

114 3253 238 3309 negativos
247 3253 278 3298 of
290 3253 400 3310 Madvig,
407 3253 479 3314 0400,
489 3255 541 3299 obs
549 3253 571 3298 2
602 3254 732 3300 matured!

144 3321 177 3366 10.
193 3323 300 3381 quamvis
317 3323 381 3382 licet]
435 3323 574 3369 'However
633 3324 668 3371 17
683 3322 777 3381 habere]
804 3322 1011 3370 termenandum
1020 3327 1064 3368 eet

114 3393 205 3438 muc’h.
603 3391 673 3438 Nor
682 3393 760 3450 ought
770 3404 807 3439 we
815 3393 926 3451 tcjudge
941 3393 1065 3448 thatthey

143 3460 177 3505 ll.
193 3461 225 3506 P.
236 3459 375 3521 Ropih'mn]
404 3461 505 3508 Hewae
515 3473 573 3522 oon,-
602 3461 694 3508 should
711 3461 775 3508 have
792 3474 820 3507 es
840 3463 952 3509 intimate
970 3461 1065 3509 tuende

114 3529 160 3584 sul,
179 3529 209 3575 Β.
227 3529 255 3576 c.
273 3528 400 3648 117211ἔὶ11]
418 3530 446 3577 0.
462 3529 572 3589 Popilius
602 3531 681 3587 those,
700 3531 800 3588 whom,'
811 3536 857 3578 etc.
