2492 3900
288 243 455 304 MELIUS,
481 243 566 294 SIVE
591 244 642 293 Dr:
668 243 848 294 AMICITIA.
983 243 1041 303 287

87 416 194 476 subito
208 424 340 495 ereptus,
354 415 433 475 vivit
446 424 550 475 tamen
572 420 755 493 semperque
768 414 874 488 vivet3
895 413 1043 474 virtutem

87 514 173 572 enim
196 506 296 571 amari
318 512 399 571 illius
425 512 493 585 viri,
510 532 587 592 quae
614 511 768 570 exstincta
790 531 851 569 non
876 520 932 570 est.
973 510 1044 570 Neo

86 610 166 668 milri
189 610 245 667 soli
271 618 410 667 versatur
437 618 509 667 ante
541 609 655 680 oculos,
679 608 732 686 qui
754 608 838 665 illam
866 628 987 685 semper
1011 608 1043 666 in

87 703 231 761 munibus
246 702 348 773 habui,
361 703 417 760 sed
432 706 527 760 etiam
541 702 674 779 posteris
689 702 747 759 erit
761 702 843 759 clara
858 711 890 760 et
903 702 1043 780 insignis·

87 799 194 857 Nemo
217 819 363 878 umquam
389 799 491 856 animo
514 808 567 855 aut
590 818 645 875 spe
667 797 783 856 maiora
810 798 963 876 suscipiet,
991 797 1043 876 qui
1073 808 1092 865 5

88 896 148 955 sibi
172 916 234 954 nou
260 894 340 953 illius
364 893 545 952 memorium
570 905 662 971 atque
682 894 846 972 imaginem
873 915 1043 973 proponen-

89 992 162 1051 dam
190 1000 289 1071 putet.
331 992 396 1050 103.
420 988 575 1069 Equidem
605 1010 643 1047 ex
672 991 814 1049 omnibus
841 991 940 1064 rebus,
967 1010 1044 1070 quas

88 1087 167 1147 mihi
189 1098 242 1147 aut
261 1087 385 1146 fortuna
408 1098 462 1145 aut
484 1096 596 1154 natura
616 1086 736 1159 tribuit,
750 1087 826 1145 nihil
845 1088 944 1148 habeo
960 1088 1043 1167 quod

89 1204 162 1244 cum
188 1184 322 1244 amicitia
344 1184 496 1262 Scipionis
524 1183 639 1261 possim
668 1203 857 1262 comparare.
912 1184 950 1243 Iu
986 1186 1043 1244 hac

88 1282 166 1341 mihi
181 1282 220 1341 de
235 1302 267 1340 re
283 1281 404 1361 publica
418 1300 596 1354 cousensus,
611 1281 641 1339 iu
658 1282 716 1340 hac
729 1302 832 1341 rerum
852 1282 1043 1361 privatarum
1054 1287 1091 1345 10

90 1379 261 1453 consilium,
287 1378 318 1438 in
342 1377 450 1437 eadem
476 1378 596 1456 requies
625 1378 716 1456 plena
738 1380 954 1439 oblectationis
976 1380 1042 1440 fuit.

89 1474 270 1555 Numquam
295 1476 380 1534 illum
407 1475 599 1549 uelminima
620 1475 745 1553 quidem
767 1496 799 1534 rc
821 1477 943 1551 offendi,
960 1477 1042 1555 quod

90 1573 214 1651 quidem
230 1573 395 1646 senserim3
422 1571 497 1631 nihil
513 1571 619 1629 audiri
631 1591 669 1629 ex
685 1592 722 1630 eo
736 1571 802 1651 ipse
816 1574 897 1651 quod
911 1574 1042 1633 nollem:

91 1690 152 1727 una
174 1670 284 1728 domus
307 1681 382 1742 erut,
402 1669 486 1728 idem
509 1668 610 1727 rictus
630 1668 718 1747 isque
733 1670 922 1744 communis3
944 1691 1042 1750 neque

92 1767 190 1825 solum
206 1766 321 1838 militia,
337 1767 391 1825 sed
414 1766 507 1825 etium
529 1766 794 1844 peregrinationes
814 1768 1042 1826 rusticationes·
1053 1764 1090 1823 15

93 1883 152 1943 que
167 1884 352 1923 communes.
397 1865 464 1923 104.
485 1863 570 1922 Nam
592 1864 667 1942 quid
690 1884 748 1943 ego
763 1864 802 1922 de
817 1864 926 1922 studiis
941 1865 1043 1923 dicam

93 1963 301 2041 cognoscendi
323 1983 443 2040 semper
466 1962 580 2042 aliquid
604 1973 697 2042 atquc
719 1963 865 2036 discendi,
880 1963 910 2020 iu
934 1963 1043 2042 quibus

93 2060 203 2118 remoti
218 2060 256 2117 ab
276 2059 370 2117 oculis
393 2058 497 2136 populi
518 2079 610 2118 omne
627 2059 760 2117 otiosum
787 2068 909 2137 tempus
933 2059 1044 2119 contri-

95 2156 218 2215 vimus?
273 2155 419 2240 ‚Quarum
451 2175 553 2214 rerum
585 2155 757 2214 recordatio
782 2167 814 2214 et
841 2154 990 2224 memoria
1016 2152 1042 2214 si

94 2264 157 2311 una
190 2272 260 2312 cum
295 2252 348 2310 illo
380 2250 553 2324 occidisset,
582 2251 767 2310 desiderium
802 2251 1042 2312 coniunctissimi
1052 2257 1091 2317 20

96 2358 188 2427 atque
204 2348 404 2408 amantissimi
421 2347 476 2407 viri
494 2348 573 2407 ferre
589 2349 673 2407 nullo
695 2349 787 2408 modo
807 2368 938 2428 possem.
980 2349 1044 2410 Sed

95 2459 152 2517 nec
174 2439 225 2496 illa
243 2439 394 2497 exstincta
413 2450 485 2499 suut
507 2439 692 2519 alunturque
712 2440 816 2519 potius
838 2449 870 2500 et
891 2449 1044 2519 augentur

96 2535 283 2614 cogitatione
304 2546 336 2594 et
355 2536 501 2596 memoria
520 2548 604 2611 mea3
630 2548 671 2610 et,
686 2537 712 2596 si
733 2537 792 2597 illis
813 2537 902 2615 plane
918 2537 1043 2596 orbatus

96 2652 203 2705 essem,
218 2652 364 2711 magnum
378 2643 480 2692 tamen
505 2633 637 2693 adferret
658 2634 733 2702 mihi
755 2645 838 2693 aetas
859 2633 927 2713 ipsa
941 2633 1044 2693 solaci-

95 2749 166 2804 nm;
187 2729 303 2789 diutius
327 2729 409 2789 eninr
431 2731 490 2789 iam
509 2730 540 2788 iu
563 2730 622 2788 hoo
643 2731 795 2790 desiderio
816 2750 883 2789 esse
902 2750 964 2790 non
978 2738 1092 2809 pos-25

96 2847 170 2886 sum.
221 2825 336 2886 Omnia
365 2838 469 2886 autem
497 2825 603 2884 brevia
630 2826 802 2886 tolerabilia
830 2846 897 2886 esse
921 2827 1045 2902 debent,

96 2924 187 2982 etiam
202 2923 228 2983 si
243 2934 451 3002 magnasunt.

135 3019 221 3080 Haec
242 3021 398 3094 hathuide
420 3019 554 3079 amicitia
575 3039 653 3098 quae
674 3020 816 3081 dicerem.
856 3020 925 3081 Vos
940 3031 1045 3081 autem

95 3116 208 3189 hortor,
228 3128 263 3178 ut
284 3119 328 3178 ita
347 3119 495 3176 virtutem
516 3116 633 3186 locetis,
653 3117 719 3176 sine
741 3128 802 3197 qua
822 3118 957 3197 amicitia
978 3138 1044 3177 esse

95 3233 155 3272 non
180 3225 293 3292 potest,
316 3223 350 3273 ut
373 3225 409 3274 ea
424 3222 554 3292 excepta
574 3213 651 3272 nihil
672 3214 808 3274 amicitia
827 3215 1045 3295 praestabilius
1054 3219 1093 3280 30

96 3311 218 3388 putetis.

125 3440 554 3500 12.q1ca-2eneerim]‘80nras
610 3437 648 3485 io.
663 3439 818 3499 deudedum]
851 3440 996 3486 ‘Theloss’

97 3508 270 3555 lusionem·
299 3509 409 3563 Quodis
418 3509 554 3556 restrlctlvc
610 3508 648 3555 29.
662 3505 821 3569 tae-lo'cetiu]
858 3509 908 3555 ‘To
917 3510 986 3567 place
996 3510 1045 3555 rir-

97 3579 275 3636 clausturam
285 3579 327 3625 tho
338 3578 500 3636 subjunctive.
541 3651 552 3664 .
582 3583 626 3626 tue
635 3579 676 3626 so'
686 3580 748 3638 lugu
757 3581 784 3626 in
792 3592 857 3638 your
865 3583 966 3653 cessem·
