2492 3900
333 243 501 305 LAELIUS,
526 243 610 297 SIVE
635 246 686 296 DE
709 246 892 299 amoma.
1031 247 1091 309 275

180 418 273 482 ΧΧΙ.
314 420 374 482 Est
402 420 495 482 etiam
521 422 671 501 quaedam
701 423 860 483 calamitas
888 423 921 484 in
949 423 1092 485 amicitiis

141 516 334 579 dimittendis
361 538 422 578 non
447 539 615 598 numquam
644 521 838 595 necessaria3
873 521 935 580 iam
963 522 1047 581 enim
1074 541 1093 581 a

140 615 597 694 sapientiumfamiliaritatibus
613 616 651 675 ad
668 617 810 695 vulgares
825 618 976 677 amicitias
991 618 1092 678 oratio

140 722 246 772 nostra
261 712 421 772 delabitur.
455 711 633 791 Erumpunt
647 734 737 793 saepe
751 714 826 773 vitia
840 714 1007 773 amicorum
1023 727 1091 774 tum

140 808 171 868 in
186 809 269 888 ipsos
284 808 406 881 amicos,
421 818 489 868 tum
503 808 533 866 in
550 809 675 883 alienos,
689 830 819 889 quorum
841 821 945 871 tamen
967 811 1005 870 ad
1021 811 1093 870 ami·
1120 814 1139 875 ὃ

140 925 192 965 cos
219 905 373 965 redundet
401 904 536 964 infamia.
587 904 680 965 Tales
716 907 811 985 igitur
838 907 990 967 amicitiae
1018 916 1092 967 sunt

140 1001 316 1061 remissione
331 1022 404 1062 usus
419 1001 567 1061 eluendae
582 1012 623 1075 et,
638 1013 673 1062 ut
688 1003 840 1063 Catonem
861 1004 963 1063 dicere
978 1004 1092 1076 audivi,

140 1098 322 1173 dissuendae
350 1098 446 1178 magis
471 1118 563 1177 quam
584 1098 825 1174 discindendae3
857 1100 917 1160 nisi
939 1101 1092 1180 quaedam

140 1195 308 1255 admodum
330 1194 530 1255 intolerabilis
551 1195 661 1255 iniuria
681 1196 838 1270 exarserit,
853 1206 888 1256 ut
905 1217 1005 1277 neque
1027 1217 1091 1257 rec·

140 1302 209 1352 tum
229 1310 328 1371 neque
349 1291 513 1351 honestum
530 1293 570 1351 sit
584 1311 642 1352 nec
657 1291 721 1351 fieri
736 1292 840 1371 possit,
856 1301 964 1353 utnon
986 1294 1090 1354 statim
1101 1294 1139 1356 10

139 1385 284 1445 alienatio
307 1384 533 1464 disiunctioque
557 1386 698 1445 facienda
724 1388 773 1446 sit
815 1389 862 1449 77.
904 1387 959 1448 Sin
986 1399 1092 1449 autem

139 1494 193 1543 aut
222 1502 341 1542 morum
366 1491 419 1542 aut
443 1481 616 1542 studiorum
640 1482 844 1543 commutatio
871 1484 1033 1563 quaedam,
1055 1494 1092 1545 ut

138 1578 204 1638 lieri
218 1580 305 1652 solet,
318 1578 400 1639 facta
414 1579 472 1638 erit
488 1589 540 1637 aut
554 1578 586 1638 in
600 1580 646 1638 rei
660 1580 801 1659 publicae
821 1581 961 1659 partibus
975 1581 1091 1640 dissen-

139 1675 184 1736 sio
199 1675 415 1748 intercesserit,
423 1710 463 1721 -
472 1675 581 1755 loquor
595 1676 678 1735 enim
689 1676 760 1748 iarn,
771 1686 806 1735 ut
816 1677 920 1754 paullo
932 1689 1005 1735 ante
1017 1676 1090 1750 dixi,

139 1772 263 1832 nonde
287 1771 482 1851 sapientium,
505 1772 557 1831 sed
584 1772 623 1832 de
649 1768 864 1834 communibus
889 1771 1138 1846 amicitiis—15

139 1870 311 1930 cavendum
335 1868 392 1929 erit
416 1888 454 1928 ne
475 1890 534 1927 non
559 1858 657 1928 solum
679 1870 832 1930 amicitiae
853 1870 1019 1948 depositae,
1034 1870 1090 1930 sed

139 1968 234 2028 etiam
248 1967 425 2027 inimicitiae
440 1977 601 2045 susceptae
615 1967 788 2029 videantur.
829 1967 917 2026 Nilril
932 1968 1014 2027 enim
1029 1977 1091 2028 tur·

139 2065 317 2144 piusquam
338 2084 408 2124 cum
428 2083 465 2123 eo
487 2063 603 2123 bellum
621 2084 737 2142 gerere,
758 2064 882 2144 quicum
900 2065 1091 2125 familiariter
1133 2053 1142 2064 ’

138 2161 260 2222 vixeris.
302 2161 355 2220 Ab
375 2160 509 2220 amicitia
532 2160 570 2233 Q.
593 2161 737 2239 Pompeii
757 2181 826 2221 meo
848 2161 974 2232 nomine
992 2181 1025 2221 se
1046 2181 1090 2221 re·

139 2267 288 2331 moverat,
301 2269 337 2318 ut
348 2257 443 2331 scitis,
458 2257 580 2337 Scipi03
601 2267 727 2337 propter
741 2258 964 2318 dissensionem
975 2265 1137 2334 antem,20

140 2375 218 2435 quae
233 2354 342 2414 eratin
357 2359 390 2414 r‘e
410 2355 540 2433 publica,
560 2355 712 2415 alienatus
732 2365 780 2415 est
802 2375 821 2415 a
841 2356 961 2434 collega
980 2364 1089 2416 nostro

139 2451 286 2511 Metello:
308 2463 472 2530 utrumqne
495 2451 559 2530 egit
582 2452 727 2531 graviter,
749 2451 934 2511 auctoritate
948 2461 981 2510 et
996 2451 1089 2509 offen·

140 2549 225 2608 sione
250 2548 343 2607 animi
366 2568 427 2606 non
453 2548 569 2607 acerba.
611 2550 658 2609 78.
680 2548 783 2619 Quam
806 2547 847 2606 ob
870 2567 933 2606 rem
955 2547 1088 2625 primum

139 2645 243 2705 danda
257 2663 350 2724 opera
370 2654 427 2718 est,
440 2664 480 2704 ne
502 2665 562 2724 qua
583 2645 751 2706 amicorum
773 2643 901 2704 discidia
921 2643 1018 2718 fiant3
1039 2643 1087 2704 sin

166 2805 189 2851 6.
203 2803 330 2862 redundet]
370 2804 422 2850 Tire
441 2804 596 2861 sunjrrnetive
626 2804 755 2849 candidate
766 2802 804 2847 ior
817 2802 860 2847 the
875 2801 952 2855 office,
963 2802 1013 2848 and
1028 2803 1088 2849 thus

137 2874 167 2921 οἲ
179 2875 271 2926 result;
293 2863 414 2929 implying
430 2885 461 2917 an
482 2873 596 2918 essential
625 2874 747 2929 throwing
769 2872 867 2917 Laelius
886 2871 925 2916 off
941 2871 979 2916 his
999 2873 1086 2928 guard

137 2943 280 3001 peculiarity
294 2943 344 2987 and
365 2953 494 2998 necessary
513 2955 596 2988 conse·
627 2941 666 2986 On
676 2941 725 2986 this
735 2947 840 2985 account
850 2940 931 2996 Scipio
945 2942 1087 2987 renouneed

137 3015 270 3069 queneeof
284 3013 353 3057 these
370 3012 452 3056 sanlts.
482 3012 596 3058 Render:
627 3011 665 3055 his
680 3010 959 3065 acquaintance-meo
977 3009 1085 3070 nomine]
1182 3048 1186 3052 .

137 3082 200 3128 ‘Yet
215 3084 239 3127 in
258 3083 319 3126 suclr
337 3093 352 3125 a
369 3093 472 3127 manner
488 3082 542 3126 that
555 3082 597 3126 tire
627 3079 680 3124 ‘On
691 3092 734 3134 my
745 3078 865 3123 account!

136 3152 246 3208 disgrace
258 3151 313 3196 falls
324 3151 386 3195 back
398 3151 478 3195 ontlre
487 3151 597 3196 friends!
654 3148 690 3193 22.
706 3147 809 3206 Metello]
827 3148 856 3198 Q„
868 3146 989 3193 caecilius
999 3147 1087 3194 Metel·

139 3221 248 3272 Quorum
257 3220 370 3276 reiersto
380 3218 493 3266 citiorum
508 3218 535 3265 in
550 3219 596 3265 cli·
626 3218 665 3262 lus
681 3217 865 3272 Macedonicus,
882 3229 897 3262 a
916 3217 1043 3273 collengne
1060 3216 1091 3264 oi

135 3303 191 3335 enos
201 3289 384 3346 erumpentium.
626 3287 708 3342 Scipio
718 3287 766 3331 und
778 3287 883 3341 Laelius,
898 3299 926 3330 as
936 3280 1024 3342 atrgur,
1036 3299 1087 3332 was

166 3357 201 3402 19.
220 3357 249 3407 Q.
260 3355 380 3415 Pompeis}
418 3356 447 3406 Q.
465 3354 596 3411 Pompeius
626 3369 641 3400 a
651 3356 756 3412 political
769 3360 893 3412 opponent
902 3356 932 3401 of
939 3357 1027 3412 Scipio,
1036 3356 1087 3403 and

134 3427 227 3485 Nepos,
248 3426 305 3471 who
327 3426 415 3482 gained
438 3426 480 3470 tlte
500 3424 596 3469 consul·
626 3432 669 3482 yet
684 3426 773 3471 cneci
790 3426 833 3471 the
848 3425 901 3471 iirst
917 3431 944 3471 to
959 3427 1086 3482 recognize

134 3496 199 3553 ship,
218 3495 247 3540 B.
265 3494 292 3540 0.
311 3494 361 3547 141,
379 3493 475 3546 against
489 3492 594 3548 Laelius,
625 3493 665 3537 his
694 3499 821 3549 greatnese
845 3492 909 3539 atter
937 3493 977 3539 his
1002 3493 1085 3540 death.

135 3566 170 3625 by
188 3563 333 3624 pretending
349 3563 404 3609 that
419 3561 451 3608 he
461 3573 511 3608 was
526 3565 595 3609 nota
624 3563 670 3609 See
679 3575 742 3622 page
751 3562 803 3609 231.
