2492 3900
181 216 259 307 *112
404 243 437 307 Q·
462 242 590 298 cuarn
613 243 701 295 narr
724 242 774 294 nn
797 242 927 296 onsrrs
950 320 953 326 Ι

197 422 309 484 medici
323 422 441 483 fidem?
461 422 492 482 iu
507 421 707 482 tabernaculo
722 441 796 500 ergo
811 442 859 482 me
881 421 1011 503 opprimi
1026 405 1146 503 patiar?

198 522 244 581 At
266 520 362 581 satius
383 530 439 592 est,
461 519 561 578 alieno
583 539 631 578 me
653 519 730 578 mori
752 519 872 592 scelere,
886 540 976 599 quam
998 532 1084 582 metu
1098 543 1147 584 no

198 617 289 679 str0.'’

237 713 331 775 VIII.
352 713 415 773 Diu
431 713 532 773 animo
547 712 578 771 in
594 711 716 770 diversa
731 720 860 785 versato,
876 713 958 787 nulli,
970 715 1043 793 quid
1056 715 1146 794 scrip-

153 817 264 876 ·5tum
287 821 376 884 esset,
395 810 536 869 enuntiat
558 808 792 888 epistulamque,
815 809 915 887 sigillo
936 811 1018 870 anuli
1037 813 1084 872 sui
1106 813 1145 872 in·

197 927 309 986 presso,
324 907 459 986 pulvino,
474 906 523 964 cui
538 905 745 978 incumbebat,
761 904 897 965 subiecit.

237 1003 322 1063 luter
349 1004 405 1062 has
433 1001 638 1080 cogitationes
671 1001 766 1060 biduo
794 1001 968 1081 absumpto,
996 1003 1144 1065 inluxita

196 1099 316 1158 medico
331 1084 502 1156 destinatus
518 1096 592 1169 dies,
606 1105 639 1155 et
652 1095 704 1154 illc
718 1116 787 1155 cum
799 1097 918 1175 poculo,
930 1097 960 1156 in
976 1117 1037 1177 quo
1051 1100 1145 1159 uredi-

196 1205 372 1254 camentum
407 1193 548 1266 diluerat,
576 1192 713 1252 intravit.
769 1192 840 1264 Quo
869 1194 934 1254 viso
959 1195 1144 1271 Alexander,

148 1291 298 1367 101evato
311 1309 437 1369 corpore
459 1290 490 1348 in
512 1288 613 1362 cubili,
628 1287 791 1366 epistulam
812 1309 831 1348 a
851 1289 1053 1351 Parmenione
1074 1293 1145 1354 mis·

195 1408 260 1448 sam
275 1387 398 1448 sinistra
411 1405 506 1446 manu
521 1395 638 1457 tenens,
653 1384 764 1464 accipit
783 1386 926 1464 poculum
941 1397 973 1447 et
987 1388 1087 1448 haurit
1101 1389 1145 1449 in-

194 1484 337 1544 territus:
358 1492 425 1543 tum
440 1482 603 1562 epistulam
619 1480 794 1560 Philippum
813 1483 915 1560 legere
929 1484 1032 1544 iubet:
1056 1506 1146 1547 neca

194 1581 282 1639 vultu
296 1579 428 1659 legentis
450 1577 548 1637 movit
569 1577 683 1651 oculos,
697 1587 789 1652 ratus,
805 1579 920 1658 aliquas
941 1581 1144 1645 conscientiae

194 1688 284 1735 notas
299 1674 329 1734 iu
345 1676 411 1754 ipso
427 1695 479 1734 ore
493 1693 582 1752 posse
597 1673 836 1753 deprehendere.

147 1786 184 1845 15
234 1772 293 1844 IX.
314 1773 379 1845 Ille,
405 1771 534 1850 epistula
556 1770 698 1848 perlecta,
724 1771 791 1848 plus
811 1771 1030 1851 indignationis
1052 1796 1145 1855 quam

194 1871 316 1948 pavoris
341 1868 497 1928 ostendit:
519 1866 724 1945 proiectisque
743 1868 873 1927 amiculo
896 1883 927 1930 et
948 1872 1057 1932 litteris
1072 1885 1144 1933 aute

193 1968 317 2042 lectum,
331 1965 455 2041 “Rern'’
476 1965 584 2045 inquit,
606 1971 753 2043 “semper
775 1966 899 2043 quidem
921 1969 1042 2047 'spiritus
1057 1991 1145 2031 meus

193 2085 232 2125 ex
246 2075 278 2125 te
291 2064 449 2145 pependit,
464 2063 520 2123 sed
541 2081 624 2122 nunc
639 2080 721 2134 vere,
736 2062 874 2137 arbitror,
896 2085 981 2125 sacro
1002 2077 1034 2127 et
1055 2087 1145 2128 veno·

192 2162 281 2221 rabili
305 2182 357 2223 ore
377 2161 517 2223 trabitur.
559 2158 683 2218 Crimen
706 2159 867 2237 parricidii,
889 2164 970 2241 quod
996 2164 1070 2224 mihi
1091 2165 1145 2225 ob·

143 2279 183 2339 20
193 2257 306 2318 iectum
320 2267 376 2333 est,
387 2267 441 2318 tua
455 2258 536 2317 salus
550 2255 657 2315 diluet.
700 2254 847 2317 Servatus
862 2277 879 2317 a
894 2278 942 2319 me
957 2259 1052 2320 vitam
1066 2260 1144 2319 milri

192 2355 330 2415 dederis:
351 2375 405 2415 oro
429 2372 612 2434 quaesoque,
638 2351 751 2411 omisso
771 2364 864 2428 metu,
885 2366 989 2433 patere
1010 2356 1144 2416 medica·

97 2504 99 2508 .
191 2461 332 2512 mentum
352 2451 470 2530 concipi
491 2453 597 2510 venis:
618 2450 690 2508 laxa
704 2450 869 2529 paullisper
885 2453 1027 2527 animum,
1049 2472 1143 2532 quem

190 2549 409 2630 intempestiVa
419 2547 624 2608 sollicitudine
637 2544 726 2605 amici
737 2564 809 2607 sane
820 2548 935 2623 fideles,
946 2549 999 2609 sed
1011 2550 1142 2609 moleste

115 2767 117 2770 Ι
220 2710 241 2755 1.
256 2708 372 2768 opprima]
404 2708 443 2754 Sc.
458 2709 492 2765 by
502 2719 545 2764 my
563 2706 650 2752 sdver-
709 2705 745 2751 21.
761 2720 803 2752 oro
823 2706 962 2767 qumaoqtu]
997 2707 1081 2763 Orare,
1098 2710 1143 2754 ‘to

190 2789 256 2835 aary.
336 2830 340 2837 ⁸
539 2793 543 2803 r
680 2776 1142 2837 heglouulyandearnesrly;’qaam,

220 2848 255 2894 17.
271 2846 441 2905 aperitur-ea
459 2844 492 2905 te]
534 2844 561 2889 ⁴1
587 2844 650 2890 have
681 2845 708 2889 ‘I
729 2845 792 2901 beg,’
809 2857 936 2901 expresses
952 2858 982 2890 an
999 2852 1087 2903 urgent
1103 2860 1142 2893 ro-

189 2916 282 2972 always
293 2916 435 2961 considered
446 2916 500 2959 that
510 2927 552 2970 my
564 2914 650 2959 breath
680 2914 918 2970 quesanctorum
930 2915 966 2959 for
973 2914 1014 2959 the
1023 2914 1083 2959 kind
1092 2914 1142 2959 ful-

190 2986 254 3042 (life)
266 2985 394 3040 dependerl
405 2996 470 3039 upon
481 2995 532 3039 you
543 2983 549 3002 ’
590 2974 595 2982 ’
679 2983 790 3037 filment;
801 2983 930 3037 obsecrare,
944 2989 982 3028 ‘tu
995 2982 1053 3040 beg'
1066 2987 1096 3039 by
1106 2984 1142 3029 all

220 3054 255 3099 18.
271 3053 458 3111 nrme]‘Atthis
467 3052 557 3097 critical
566 3051 650 3108 polut’
679 3052 733 3096 that
755 3052 775 3096 ts
801 3051 894 3106 sacred,
922 3054 965 3096 ‘to
982 3051 1144 3107 coujura'-

188 3123 305 3181 -racr0]
352 3122 405 3167 The
439 3122 551 3167 Romans
586 3133 650 3166 were
680 3121 767 3165 omisso
778 3122 852 3180 metro]
894 3122 956 3167 Fear
971 3122 1020 3167 and
1036 3122 1143 3178 aanety

189 3192 347 3246 accustomed
372 3196 398 3237 to
420 3190 495 3247 apply
520 3190 561 3235 the
586 3194 650 3235 term
679 3192 763 3236 would
773 3191 909 3236 hinderthe
921 3191 992 3236 effect
1002 3190 1031 3236 of
1045 3192 1086 3236 the
1097 3203 1143 3247 po-

189 3276 257 3307 sacer
267 3266 293 3305 to
302 3262 423 3305 whatever
438 3258 563 3316 pertaiued
574 3263 600 3303 to
608 3260 650 3304 the
678 3259 738 3303 tion.

178 3332 309 3385 emperor.
707 3327 743 3371 22.
759 3326 937 3387 concipientis]
970 3330 1144 3379 Theancients

221 3399 256 3443 19.
271 3412 312 3443 ore
322 3396 438 3455 trahitur]
455 3396 471 3440 i.
483 3408 504 3440 e.
515 3396 537 3439 ir'
543 3408 593 3451 you
601 3397 650 3441 live
679 3397 803 3452 supposed
818 3398 871 3441 that
886 3400 982 3454 potions
1000 3405 1145 3457 penetrared

189 3480 234 3525 my
252 3467 293 3513 lite
313 3468 334 3511 r's
351 3466 419 3518 safe3
435 3466 480 3509 but
491 3464 512 3508 if
528 3477 578 3520 you
596 3476 649 3521 per-
679 3464 1071 3529 thereme-lacc-aaimum]
1092 3472 1108 3517 i.
1120 3487 1143 3520 e.

190 3526 238 3591 leh,
254 3546 298 3591 my
316 3534 357 3580 life
373 3533 426 3579 will
441 3543 490 3590 pay
504 3531 547 3577 the
561 3532 648 3578 forfeit
679 3531 778 3577 dumus
789 3532 822 3577 all
832 3544 895 3580 carc.
