2492 3900
187 260 245 321 142
393 259 426 323 Q·
451 259 579 312 CURTII
600 259 690 312 RUFI
713 260 764 311 DE
787 259 917 314 Gnsrls

185 437 296 516 Itaque
320 437 463 516 inpotens
485 436 579 497 animi
599 438 750 516 procurrit
771 436 802 497 in
824 437 926 517 regiae
949 437 1131 500 vestibulum

185 545 226 609 et,
247 535 333 621 vigili
348 534 512 594 excubanti
532 535 620 594 hasta
641 534 752 607 ablata,
767 535 906 595 constitit
916 534 949 594 in
963 535 1058 609 aditu,
1073 557 1132 615 quo

168 651 307 691 necesse
329 641 395 691 erat
415 631 470 704 his,
491 631 543 710 qni
574 630 666 690 simul
698 641 894 704 cenaverunt,
914 632 1028 711 egredi.
1069 633 1133 692 Ab·

182 729 283 789 ierant
297 728 399 788 ceteri.
436 728 535 788 Clitus
547 728 673 787 ultimus
689 728 754 786 sine
767 728 881 787 lmniue
893 729 1007 789 exibat.
1031 729 1132 800 Quem

154 833 246 909 brer,
269 826 410 905 quisnam
438 835 526 897 esset,
551 824 731 904 interrogat.
786 823 952 885 Eminebat
980 825 1073 886 etiam
1101 827 1132 887 ln

182 941 259 981 voce
273 920 402 994 sceleris,
418 921 499 1000 quod
514 921 651 1000 parabat,
667 921 821 982 atrocitas.
862 921 906 982 Et
926 921 977 982 ille
995 922 1055 981 iam
1070 945 1131 984 non

181 1037 263 1090 suae,
277 1018 331 1076 sed
347 1017 427 1095 regis
450 1017 512 1077 irae
526 1037 645 1077 memor
667 1017 783 1078 Clitum
804 1038 870 1078 esse
885 1019 970 1079 etde
990 1020 1131 1080 convivio

181 1114 265 1173 exire
287 1115 453 1193 respondit.
505 1114 594 1175 Haec
614 1115 747 1176 dicentis
768 1116 849 1175 latus
871 1116 960 1176 hasta
978 1116 1131 1178 transfixit

180 1211 400 1290 morientisque
414 1211 562 1291 sanguine
582 1213 753 1291 adspersus,
768 1212 809 1272 “I
824 1212 931 1286 nunc‚”
942 1213 1050 1293 inquit,
1064 1221 1081 1250 “
1091 1215 1130 1274 ad

132 1315 170 1374 10
181 1307 359 1386 Philippum
373 1319 405 1368 et
420 1308 655 1369 Parmenionem
671 1320 703 1369 et
717 1308 889 1369 Attalum?

220 1404 295 1465 XII.
316 1405 400 1464 Male
423 1405 566 1465 humanis
587 1405 719 1484 ingeniis
742 1416 852 1467 natura
870 1407 1032 1481 consuluit,
1046 1409 1128 1488 quod

179 1503 358 1581 plerumque
393 1522 455 1561 non
483 1502 596 1576 futura,
624 1504 679 1562 sed
714 1513 869 1563 transacta
902 1505 1128 1582 perpendimus.

180 1598 303 1677 Quippe
331 1619 394 1672 rex,
421 1609 586 1677 postquam
608 1599 653 1659 ira
688 1611 791 1660 urente
826 1601 1007 1675 decesserat,
1034 1602 1128 1662 etium

179 1696 328 1754 ebrietate
355 1696 499 1770 discussa,
522 1696 769 1775 magnitudinem
791 1697 933 1756 facinoris
954 1709 1021 1758 sera
1042 1699 1128 1759 aesti-

129 1791 313 1865 15matione
338 1793 503 1872 perspexit.
544 1791 683 1852 Videbat
706 1802 789 1866 tunc,
809 1792 963 1875 inmodica
983 1794 1126 1854 libertate

177 1890 315 1964 abusum,
343 1890 397 1950 sed
426 1890 559 1971 alioquin
589 1891 747 1971 egregium
774 1891 856 1952 bello
881 1891 989 1967 virum,
1004 1903 1045 1967 et,
1068 1892 1127 1953 nisi

176 1989 370 2048 erubesceret
388 1988 487 2060 fateri,
511 1999 700 2049 servatorem
722 1990 781 2049 sui·
797 1989 941 2049 occisum.
982 1990 1127 2051 Detesta-

174 2086 235 2145 bile
250 2086 400 2145 carnificis
424 2086 628 2146 ministerium
652 2096 857 2166 occupaverat
878 2107 941 2160 rex,
961 2088 1125 2147 verborum

174 2183 339 2255 licentiam,
360 2202 438 2261 quae
459 2183 532 2243 vino
568 2193 690 2263 poterat
711 2183 854 2263 inputari,
875 2183 1008 2243 nefanda
1031 2184 1124 2244 caede
1208 2218 1212 2227 .

125 2286 164 2345 20
174 2280 267 2339 ultus.
307 2278 456 2338 Manabat
467 2289 534 2339 toto
548 2279 704 2339 vestibulo
719 2300 808 2339 cruor
818 2279 922 2359 paullo
937 2290 1009 2349 ante
1024 2280 1124 2339 convi-

173 2395 252 2435 vae:
273 2375 382 2454 vigiles
398 2376 523 2434 attoniti
537 2386 570 2435 et
584 2376 782 2455 stupentibus
797 2376 912 2435 similes
933 2376 1040 2455 procul
1062 2386 1124 2436 sta-

172 2474 257 2547 bant,
271 2472 505 2550 liberioremque
520 2472 742 2551 paenitentiam
757 2472 892 2532 solitudo
907 2473 1089 2551 excipiebat.

211 2570 306 2630 XIII.
327 2568 412 2648 Ergo
439 2568 561 2629 hastam
592 2590 632 2629 ex
663 2589 790 2648 corpore
824 2568 955 2629 iacentis
985 2570 1123 2630 evulsam

170 2668 294 2728 retorsit
308 2667 340 2727 in
355 2678 464 2748 semet,
484 2666 617 2747 iamque·
631 2666 811 2725 admoverat
832 2666 958 2745 pectori,
980 2687 1051 2726 cum
1072 2668 1123 2726 ad-

171 2767 277 2826 volant
291 2765 400 2845 vigiles
416 2778 448 2827 et
462 2764 681 2846 repugnantia
698 2764 838 2823 manibus
861 2771 1049 2843 extorquent
1069 2764 1122 2823 ad·

169 2925 317 2983 der’sanger
326 2926 346 2970 Is
357 2926 514 2983 represented
524 2938 551 2970 as
559 2936 630 2971 orer·
689 2922 724 2967 14.
740 2921 859 2991 disrarari]
892 2923 965 2969 ‘Had
972 2923 1062 2981 pared
1071 2922 1121 2969 off!

168 2996 294 3051 powering
304 3006 378 3051 every
388 2996 460 3041 other
473 2995 571 3048 feeling.
658 3014 688 3025 -
695 2992 918 3053 aemi-perspexit]
931 2993 980 3039 For
989 3007 1042 3039 sero
1049 2992 1121 3039 msti-

199 3063 219 3108 l.
233 3062 343 3121 inpotens
369 3064 458 3123 animss
514 3063 630 3120 ‘Haring
659 3063 735 3107 marat
745 3066 767 3107 ct
774 3062 902 3120 perspexit.

168 3132 216 3178 lost
226 3134 264 3178 his
275 3133 445 3179 seli-control)
690 3132 723 3177 18.
739 3131 904 3191 occupaverat]
961 3132 1037 3178 ‘Had
1065 3144 1120 3190 per-

196 3203 217 3249 5.
235 3203 372 3262 Emirrebut]
410 3204 484 3248 ‘Was
502 3204 628 3261 mnsplcu-
658 3200 769 3246 formed!

167 3272 230 3317 ons!
687 3268 862 3328 antonavas]
911 3270 979 3314 With
1004 3271 1046 3315 the
1076 3283 1119 3316 an·

195 3343 217 3387 9.
234 3342 251 3387 I
267 3342 341 3400 nunc]
383 3342 436 3387 The
453 3341 551 3396 regular
570 3340 629 3400 sor·
659 3340 734 3383 clents
767 3340 808 3384 the
834 3339 893 3383 lawa
924 3339 954 3384 of
976 3340 1120 3397 hospitality

166 3412 234 3456 mula
252 3410 384 3467 employed
405 3411 430 3454 tn
450 3408 565 3464 taunting
579 3409 629 3453 and
659 3420 722 3453 wore
733 3407 826 3461 sacred.
838 3408 918 3453 which
930 3409 987 3453 here
997 3410 1045 3455 bad
1057 3412 1119 3457 been

167 3480 281 3536 exulting
291 3491 351 3524 over
361 3478 402 3521 the
413 3475 560 3531 conquercd.
590 3476 629 3520 Cf.
659 3477 767 3521 violated
784 3478 818 3532 by
829 3478 912 3533 ahtug
922 3477 947 3523 in
958 3478 1000 3524 the
1011 3480 1119 3537 implous

167 3550 244 3607 Verg.
259 3549 322 3593 Aen.
334 3542 457 3592 vulta.
659 3544 759 3589 murder
769 3544 798 3589 of
809 3544 848 3589 hIs
858 3548 938 3603 guest.
