2492 3900
253 261 350 316 CATO
373 261 502 325 MAIOR,
525 260 612 315 siva
636 264 687 313 DE
712 263 939 317 §saucium
1015 266 1071 327 191

118 440 284 501 iucundius
310 449 469 501 senectute
501 440 616 521 stipata
647 441 759 501 studiis
785 441 984 502 iuventutis?
1025 443 1073 502 29.

119 539 172 597 An
188 559 226 598 ne
242 558 293 598 eas
309 537 434 618 quidem
453 537 534 598 vires
556 538 711 604 senectuti
732 538 939 618 relinquimus,
953 549 989 599 ut
1002 539 1074 598 adu-

119 634 272 694 lescentes
294 634 413 708 doceat,
434 634 587 708 instituat,
612 635 652 695 ad
677 655 768 696 omne
791 636 881 695 officii
900 656 1012 695 munus
1031 635 1075 694 in·
1130 669 1141 691 .

120 733 243 792 struat?
265 752 327 811 quo
342 730 466 815 quidem
480 752 572 810 opere
583 732 657 812 quid
669 744 774 813 potest
785 752 852 793 esse
862 732 1074 812 praeclarius?

119 816 200 887 Mihi
215 849 289 887 vero
305 828 362 888 On.
377 837 409 887 et
423 827 459 887 P.
475 827 634 907 Scipiones
657 838 690 889 et
709 829 759 888 avi
772 829 818 889 tui
833 829 904 903 dno,
918 828 953 889 L.
966 828 1074 889 Aemi·
1102 835 1122 893 5

119 924 178 983 lins
193 934 225 983 et
238 923 274 982 P.
289 923 461 997 Africanus,
476 924 627 984 comitatu
649 924 798 983 nobilium
820 925 966 983 iuvenum
981 924 1076 984 fortu-

120 1020 186 1079 nati
198 1020 401 1095 videbantur3
424 1039 481 1080 neo
495 1020 549 1079 ulli
564 1020 715 1079 bonarum
729 1020 843 1080 artium
857 1020 997 1100 magistri
1010 1040 1074 1081 non
1099 1070 1102 1073 .
1162 1004 1172 1020 ’

120 1116 205 1176 beati
224 1116 365 1196 putandi,
380 1115 521 1195 quamvis
542 1115 762 1176 consenuerint
784 1116 865 1176 vires
886 1126 979 1195 atque
995 1116 1075 1176 defs-

121 1213 228 1273 cen'nt.
270 1212 342 1272 Etsi
369 1213 435 1292 ipsa
462 1212 522 1272 ista
547 1212 681 1272 defectio
705 1212 818 1273 virium
846 1212 1074 1273 adulescentiae

122 1310 205 1370 vitiis
234 1310 364 1370 efficitur
391 1309 513 1388 saepius
541 1329 633 1389 quarn
662 1308 839 1369 senectutis.
893 1308 1075 1370 Libidinosa
1084 1311 1122 1371 10

122 1408 206 1467 enim
230 1416 263 1469 et
284 1406 494 1486 intemperans
513 1406 723 1466 adulescentia
745 1406 869 1466 effetum
891 1423 1003 1485 corpus
1015 1416 1075 1466 tra-

122 1505 170 1565 dit
184 1503 345 1565 senectuti.
387 1506 435 1564 30.
457 1503 557 1582 Cyrus
583 1503 710 1583 quidem
734 1503 817 1582 apud
830 1503 1075 1582 Xenophontem

122 1622 160 1661 eo
175 1622 323 1675 sermone,
338 1621 431 1680 quem
441 1600 575 1659 moriens
588 1600 705 1675 habuit,
716 1620 786 1659 cum
798 1600 967 1661 admodum
981 1620 1076 1660 senex

123 1707 216 1772 esset,
229 1708 322 1777 negat
337 1718 369 1757 se
384 1717 531 1777 umquam
551 1696 682 1757 sensisse
703 1706 896 1758 senectutem
918 1718 1007 1758 suam
1032 1697 1075 1756 in-

123 1793 310 1852 becilliorem
325 1792 439 1851 factam
453 1812 546 1870 quam
567 1791 778 1853 adulescentia
798 1792 913 1853 fuisset.
954 1792 1025 1873 Ego
1039 1791 1074 1853 L.
1085 1788 1122 1848 15

122 1889 286 1950 Metellum
308 1888 434 1947 memini
449 1908 533 1968 puer,
548 1888 684 1969 quicum
699 1890 900 1970 quadriennio
915 1901 986 1971 post
1000 1891 1075 1951 alte·

122 2008 192 2046 rum
206 1986 401 2047 consulatum
415 1985 555 2064 pontifex
569 1986 722 2046 maximus
745 1987 841 2046 sactus
860 1998 949 2062 esset,
963 1987 1074 2066 viginti

123 2081 200 2141 duos
225 2099 322 2140 annos
345 2080 374 2140 ei
395 2083 568 2143 sacerdotio
592 2081 732 2161 praefuit,
755 2083 799 2144 ita
821 2083 909 2143 bonis
923 2104 990 2144 esse
1006 2084 1075 2143 viri-

122 2179 180 2240 bris
204 2190 343 2237 extremo
367 2187 506 2255 tempore
532 2177 651 2251 aetatis,
676 2187 712 2237 ut
743 2179 983 2239 adulescentiam
1011 2200 1073 2240 non
1098 2187 1101 2192 '

123 2275 299 2355 requireret
341 2272 429 2332 Nihil
446 2293 570 2332 necessa
593 2283 641 2333 est
662 2274 737 2334 mihi
752 2276 791 2334 de
806 2295 855 2335 me
870 2276 936 2355 ipso
955 2276 1123 2351 dicere320

124 2391 311 2452 quamquam
326 2369 419 2429 estid
434 2369 558 2448 quidem
580 2369 677 2429 senile
697 2372 852 2452 aetatique
866 2382 989 2431 nostrae
1004 2393 1076 2433 con·

124 2469 252 2529 ceditur.

163 2561 204 2622 X.
226 2563 273 2621 31.
315 2559 479 2621 Videtisne
511 2567 547 2620 ut
580 2560 663 2639 apud
694 2561 866 2624 Homerum
898 2561 1074 2642 saepissime

124 2659 241 2720 Nestor
263 2658 302 2718 de
328 2657 495 2716 virtutibus
519 2657 582 2716 suis
607 2659 789 2736 praedicet?
830 2658 969 2718 Tertiam
993 2658 1075 2718 enim

124 2756 186 2818 iarn
206 2765 340 2817 aetatem
362 2753 522 2815 hominnm
544 2752 678 2830 vivebat,
693 2775 751 2815 neo
770 2764 837 2816 erat
855 2755 885 2823 ei
906 2754 1076 2814 verendum

153 2929 174 2975 5.
189 2927 278 2974 critici
288 2925 347 2986 duo]
383 2924 583 2983 Sciplo'sgrand-
643 2915 679 2964 1⁷.
689 2913 803 2978 ponn’j'eae
821 2913 953 2974 maximin]
996 2913 1027 2961 Β.
1047 2913 1076 2960 0.

125 2989 212 3054 tathei,
223 2999 256 3054 by
267 2997 393 3054 adoption,
409 3007 459 3040 was
475 2995 503 3041 P.
520 2995 583 3040 Airi-
613 2983 664 3031 243·

125 3071 201 3113 cauus
221 3067 315 3121 Mulon
339 3065 371 3110 cf.
391 3069 448 3110 note
463 3077 495 3110 on
511 3069 584 3122 pater
645 3055 681 3100 19·
695 3069 745 3101 non
763 3054 904 3115 reqrdreret]
946 3052 1010 3099 ‘Did
1033 3055 1078 3098 not

125 3140 187 3190 tuas,
207 3135 241 3180 vi.
263 3133 297 3179 15.
338 3132 385 3178 His
404 3145 459 3178 own
484 3132 584 3179 father's
613 3123 840 3170 foelthflwmtof!

125 3203 204 3250 father
214 3215 264 3248 was
275 3203 303 3249 L.
313 3201 435 3248 Aemilius
446 3201 556 3246 Paullus.
642 3192 678 3238 20·
695 3192 776 3253 Nihil]
809 3193 877 3239 Used
887 3191 1078 3248 adverbiallyss

154 3273 189 3318 12.
208 3271 297 3331 Cyrus]
330 3271 411 3328 Cyrus
426 3270 585 3316 theEideris
615 3275 647 3308 an
658 3262 781 3320 emphatic
790 3276 848 3308 non.
1065 3288 1067 3291 -

125 3345 252 3388 meent·
261 3339 327 3398 aquid
335 3337 527 3397 Xenophontem]
542 3338 587 3383 ‘In
646 3332 683 3378 21.
698 3332 735 3392 id]
766 3333 782 3378 i.
793 3344 816 3378 e.
829 3332 949 3389 speaking
963 3341 1078 3376 concern

125 3410 286 3468 Xenophon’s
298 3407 395 3464 works‚¹
407 3408 465 3464 cyr.
475 3408 526 3452 viii.
537 3408 559 3456 7.
621 3404 664 3459 ing
674 3402 741 3448 one’s
752 3402 806 3447 seli.

108 3503 111 3510 ·
155 3479 189 3525 1³.
204 3478 335 3525 admodum
349 3475 429 3535 senes]
470 3475 510 3521 Hs
525 3475 591 3522 lived
649 3472 686 3518 2³.
701 3472 766 3529 opseri
786 3469 928 3528 Hominon]
970 3467 1015 3512 ‘In
1036 3467 1080 3513 thc

126 3549 163 3596 till
172 3549 204 3596 he
214 3558 265 3596 was
276 3549 379 3604 severity
389 3556 462 3603 years
472 3542 501 3591 of
512 3555 566 3602 age.
621 3541 686 3588 Iliad
695 3541 725 3587 oi
737 3540 847 3587 Homer?
862 3539 900 3586 ct.
915 3536 1028 3584 111160
1043 3547 1080 3592 sq.
