2492 3900
197 220 255 280 122
409 220 443 284 Q.
468 219 594 272 CURTII
617 220 706 272 RUFI
729 219 780 271 DE
803 219 934 274 Gnssts

195 417 281 456 mum
306 396 463 476 reperiunt
486 397 602 456 solum:
618 415 729 456 arenae
751 405 856 457 autem
870 396 1001 458 subinde
1015 396 1146 456 cumula-

194 505 246 555 tae
267 503 299 554 et
320 493 412 566 saxis,
434 495 502 572 quis
531 513 609 573 pons
630 494 806 567 sustinetur,
828 494 965 553 adnexae
987 503 1146 553 morantur

157 617 165 631 ·
197 611 328 664 amnem,
364 590 416 669 qui
453 599 592 650 retentus
620 590 727 663 acrius,
755 611 848 670 quam
876 591 903 650 si
931 591 1027 650 libero
1055 609 1145 650 cursu

196 697 322 760 mearet,
335 686 483 746 inliditur.

168 804 186 864 5
236 783 277 843 V.
298 783 413 842 Arcem
429 801 551 861 quoque
565 782 684 842 ambitu
709 783 819 861 viginti
841 783 941 844 stadia
962 783 1144 862 conplexam

196 878 321 937 habent.
362 877 505 956 Triginta
517 877 613 956 pedes
626 877 659 936 in
674 887 784 936 terram
801 879 930 937 turrium
944 879 1145 937 fundamenta

197 974 330 1033 demissa
345 982 425 1046 sunt,
439 974 478 1032 ad
494 973 654 1052 octoginta
669 993 820 1032 summum
836 975 1019 1033 munimenti
1033 975 1146 1054 fastigi-

197 1091 251 1130 um
279 1071 428 1150 pervenit.
484 1070 584 1149 Super
618 1089 728 1144 arcem,
761 1070 922 1149 vulgatum
960 1071 1144 1132 Graecorum
1242 1083 1243 1110 l

196 1168 305 1227 sabulis
329 1167 518 1240 miraculum,
532 1167 666 1245 pensiles
680 1167 761 1226 horti
783 1177 862 1240 sunt,
877 1187 1028 1226 summam
1050 1188 1145 1227 muro·
1242 1157 1243 1180 ³

149 1285 187 1345 10
197 1285 265 1329 rum
285 1265 483 1325 altitudinem
497 1274 665 1343 aequantes
678 1264 904 1343 multarumque
920 1265 1063 1323 arborum
1083 1285 1146 1323 um·
1242 1287 1243 1308 t

196 1363 252 1422 bra
275 1371 307 1422 et
330 1361 515 1440 proceritate
541 1361 670 1420 amoeni.
713 1360 795 1419 Saxo
822 1361 911 1439 pilae,
939 1381 1016 1439 quae
1044 1371 1145 1420 totum

198 1479 275 1520 onus
303 1458 466 1529 sustinent,
493 1457 662 1516 instructae
687 1468 781 1517 sunt:
823 1477 913 1535 super
940 1457 1018 1536 pilas
1044 1457 1145 1537 lapide

198 1556 348 1634 quadrato
362 1555 463 1613 solum
472 1562 608 1640 'stratum
622 1563 679 1627 est,
693 1553 811 1633 patiens
826 1563 934 1627 terrae,
945 1576 1038 1634 quam
1052 1554 1146 1615 altam

198 1651 338 1724 iniciunt,
381 1660 414 1710 et
448 1650 594 1724 humoris,
621 1670 683 1729 quo
716 1650 819 1729 rigant
854 1662 971 1711 terras:
1007 1653 1145 1732 adeoque

151 1763 189 1822 15
199 1749 316 1807 validas
331 1748 454 1806 arbores
476 1748 631 1808 sustinent
651 1749 757 1821 moles,
772 1760 807 1808 ut
821 1748 942 1826 stipites
956 1769 1060 1808 earum
1075 1760 1146 1809 octo

198 1845 371 1905 cubitorum
387 1844 521 1922 spatium
537 1844 737 1903 crassitudine
749 1844 930 1923 aequantia
948 1844 1147 1924 quinquagin-

198 1952 232 2003 ta
245 1941 360 2021 pedum
381 1941 577 2002 altitudinem
599 1941 764 2016 emineant,
785 1942 947 2023 frugiferae
961 1963 1057 2023 aeque
1076 1942 1147 2018 sint,

201 2047 236 2098 ut
250 2038 277 2097 si
290 2049 372 2097 terra
386 2049 441 2097 sua
455 2038 617 2097 alerentur.

238 2133 297 2195 VI.
318 2134 362 2195 Et
386 2156 455 2194 cum
478 2145 614 2194 vetustas
634 2156 695 2195 non
718 2156 810 2214 opera
830 2136 928 2195 solum
949 2157 1041 2195 manu
1056 2136 1146 2209 facta,

150 2243 189 2301 20
199 2233 252 2292 sed
276 2233 370 2292 etiam
384 2232 483 2311 ipsam
498 2242 639 2291 naturam
655 2233 814 2311 paullatim
829 2234 990 2294 exedendo
1004 2233 1145 2313 perimat,

198 2330 274 2388 haec
288 2330 393 2402 moles,
407 2348 485 2408 quae
500 2339 548 2388 tot
563 2331 705 2390 arborum
720 2331 873 2389 radicibus
894 2332 1044 2410 premitur
1057 2331 1148 2391 tauti-

199 2446 258 2506 que
286 2426 420 2485 nemoris
446 2427 584 2505 pondere
611 2436 739 2486 onerata
771 2438 825 2502 est,
852 2428 1001 2487 inviolata
1035 2429 1147 2488 durat:

81 2550 85 2553 ·
120 2579 123 2583 Δ
199 2524 312 2603 quippe
340 2522 451 2600 viginti
479 2524 574 2601 pedes
595 2522 651 2582 lati
671 2523 802 2602 parietes
823 2525 982 2599 sustinent,
1004 2525 1147 2585 undecim

198 2621 312 2699 pedum
334 2619 497 2678 intervallo
518 2619 677 2693 distantes,
691 2630 726 2679 ut
739 2622 846 2699 procui
861 2622 1031 2705 visentibus
1052 2623 1147 2682 silvae

150 2712 356 2782 25montibus
389 2716 452 2776 s'uis
487 2716 647 2775 imminere
675 2716 846 2778 videantur.
902 2708 1008 2798 Syriae
1042 2742 1147 2801 regem

226 2877 249 2921 3.
265 2875 357 2934 acriam]
389 2875 475 2920 ‘More
487 2874 626 2931 furiously!
719 2876 753 2922 15.
769 2877 849 2936 moles]
863 2878 973 2925 ‘Masses
984 2880 1014 2925 os
1026 2880 1148 2927 stoue.’-

129 2972 133 2993 -,
228 2945 250 2990 8.
268 2945 345 3002 Super
355 2944 444 3003 arcem]
477 2945 659 2989 ‘Outhosum
688 2945 724 3004 ut]
758 2947 926 3004 Supplyudeo.

74 3009 88 3031 ’
128 3014 131 3020 “
199 3014 245 3057 mit
262 3012 292 3057 of
309 3012 350 3056 the
366 3011 660 3058 cittdel.'—Graecorum
719 3015 754 3060 18.
770 3017 899 3076 terracon]
934 3019 1036 3067 ‘Nativa
1051 3022 1113 3067 soil!

156 3113 160 3124 .
206 3080 308 3139 sabulis]
349 3080 416 3125 ‘The
431 3082 596 3136 exaggerated
610 3088 659 3126 sto-
719 3086 754 3130 19.
770 3087 834 3146 cum]
867 3089 1042 3148 sequamur.
1124 3078 1129 3091 ¹

199 3152 248 3196 ries
258 3150 288 3195 os
301 3150 343 3196 the
355 3150 436 3195 Greek
447 3151 556 3195 writers!
718 3154 753 3199 20.
769 3156 886 3202 caedendo
917 3158 1034 3219 perimat]
1086 3159 1149 3206 ‘De-

229 3221 265 3265 10.
280 3219 403 3277 orborum]
463 3220 479 3264 i.
503 3232 525 3265 e.
556 3222 660 3267 covered
689 3230 769 3279 stroys
785 3226 970 3281 byeorrosion.’

199 3290 260 3334 with
270 3301 346 3345 many
357 3288 401 3333 tall
411 3289 460 3333 und
471 3289 551 3345 shady
559 3294 631 3335 trees.
718 3291 754 3336 25.
772 3293 868 3352 Syriae]
901 3295 1034 3351 ‘Assyria'
1044 3296 1111 3341 osten
1122 3308 1150 3342 so

231 3359 266 3403 13.
278 3358 375 3416 patiens
387 3363 529 3402 terroe—et
539 3358 659 3418 humoris]
691 3361 768 3405 called
789 3363 822 3417 by
840 3364 881 3408 the
902 3365 999 3409 ancient
1014 3366 1151 3410 writers.-

201 3427 322 3483 ‘Capable
342 3426 372 3471 of
389 3428 534 3483 supporting
553 3427 595 3473 the
615 3428 662 3473 soil
691 3429 1150 3493 repam]Nebuchadnezzar,asisgeu·

201 3497 252 3541 und
261 3497 290 3543 of
301 3497 422 3553 retaining
432 3496 474 3540 the
484 3496 619 3541 molatura!
693 3496 910 3559 erallylsupposed.
