2492 3900
174 246 237 314 214
443 248 483 299 ss
507 246 633 303 runun
655 246 850 302 ercusoms

176 430 234 499 est,
256 442 328 487 cum
351 422 485 487 Athenis
507 422 590 486 ludis
614 423 741 505 quidam
764 423 798 485 in
822 423 979 485 theatrum
999 422 1128 504 grandis

176 530 253 583 natu
274 520 419 595 venisset,
441 540 556 601 magno
578 542 725 583 consessu
745 522 849 582 locum
868 542 1021 601 nusquam
1034 521 1064 582 ei
1077 522 1130 582 ds·

175 624 244 679 tum
259 636 278 677 a
291 617 354 678 suis
369 617 507 693 civibus3
529 630 716 680 comantem
738 618 778 678 sd
798 617 1061 697 Lacedaemonios
1082 638 1129 680 ue-

176 711 328 786 cessisset,
342 711 403 791 qui,
417 712 512 791 legati
526 733 598 773 oum
611 722 723 787 esseut,
737 725 823 773 certo
843 712 876 773 in
896 713 966 774 loco
984 714 1129 774 consede-

148 816 255 882 brant,
269 808 494 869 consurrexisse
505 828 614 869 omnes
627 808 673 869 illi
682 809 830 869 dicuntur
842 818 876 870 et
888 830 995 870 senem
1008 831 1129 870 sessum

176 904 338 984 recepisse.
379 906 426 965 64.
449 905 569 978 Quibus
591 926 663 971 curu
677 925 696 967 a
709 917 821 967 coneto
842 927 988 967 consessu
1003 908 1129 987 plausus

176 1013 259 1065 esset
273 1001 434 1081 multiplex
449 1002 550 1077 datus,
563 1002 679 1063 dixisse
702 1024 742 1063 ex
765 1003 811 1063 eis
831 1004 988 1084 quendum
1002 1004 1129 1063 “Athe-

176 1099 299 1159 nienses
315 1099 391 1161 seire
405 1120 484 1180 quae
497 1112 583 1160 recta
596 1100 773 1175 essentsed
782 1101 882 1160 facere
896 1099 1009 1161 nolle.’⁸
1048 1100 1130 1161 Mul·

176 1206 210 1257 ta
224 1196 255 1256 iu
270 1207 378 1256 nostro
392 1196 523 1277 collegio
537 1198 703 1277 praeclara,
716 1196 773 1257 sed
786 1197 855 1271 hoe,
869 1197 908 1256 de
923 1218 986 1278 quo
1000 1198 1129 1278 agimus,

130 1296 168 1361 10
178 1294 208 1353 in
224 1293 339 1375 primis,
352 1292 446 1373 quod,
459 1304 495 1357 ut
508 1294 640 1374 quisque
654 1305 757 1355 aetate
771 1295 935 1369 antecedit,
949 1295 994 1355 ita
1007 1305 1131 1355 senten·

179 1389 240 1451 tiae
255 1390 461 1471 principatum
474 1401 570 1465 tenet,
585 1411 685 1470 neque
700 1392 801 1452 solum
815 1391 931 1450 honore
946 1391 1130 1451 anteceden-

177 1488 270 1561 tibus,
284 1487 338 1547 sed
354 1486 398 1547 eis
411 1487 514 1561 etiam,
526 1488 578 1567 qui
592 1508 664 1549 oum
680 1487 800 1567 inperio
814 1497 895 1562 sunt,
910 1489 1041 1573 uraiores
1054 1499 1131 1548 natu

179 1603 310 1663 augures
335 1592 575 1663 anteponuntur.
630 1583 720 1657 Quae
741 1595 814 1645 sunt
837 1586 933 1665 igitur
953 1586 1131 1664 voluptates

179 1680 313 1759 corporis
328 1700 400 1739 cum
415 1680 609 1741 auctoritatis
622 1682 766 1760 praemiis
777 1683 1029 1762 comparandae?
1056 1683 1132 1755 Qui·

131 1774 237 1837 lotus
262 1777 315 1856 qui
336 1776 498 1856 splendide
517 1778 564 1837 nsi
585 1790 666 1852 sunt,
689 1779 711 1838 ii
736 1780 811 1839 mihi
826 1779 974 1841 ridentur
995 1780 1130 1839 fabulam

180 1874 290 1933 aetatis
304 1873 459 1954 peregisse
471 1894 528 1933 nec
542 1884 702 1956 tamquam
714 1874 910 1935 inexercitati
921 1876 1084 1935 histriones
1098 1876 1132 1935 iu

179 1981 319 2032 extremo
342 1981 413 2031 actu
435 1971 594 2033 corruisse.
637 1973 686 2032 65.
705 1973 752 2034 At
773 1983 847 2033 sunt
867 1973 982 2033 morosi
1002 1984 1035 2033 et
1048 1973 1133 2033 anxii

179 2077 212 2128 et
225 2067 362 2130 iracundi
373 2077 407 2128 et
416 2068 554 2130 difficiles
565 2089 675 2144 senes;
695 2069 721 2128 si
731 2070 917 2150 quaerimus,
933 2069 1026 2130 etiam
1038 2070 1132 2131 arari.

180 2165 243 2226 Sed
265 2166 342 2226 haec
362 2186 482 2226 morum
505 2166 582 2230 vitio
604 2178 687 2242 sunt,
707 2189 769 2228 nou
790 2167 969 2228 senectutis.
1009 2168 1059 2227 Ac
1073 2187 1134 2226 mo

130 2263 169 2328 20
179 2263 290 2325 rositas
311 2273 416 2324 tamen
431 2273 463 2323 et
477 2284 515 2324 ea
528 2265 613 2338 vitia,
628 2285 707 2344 quae
728 2265 801 2338 dixi,
815 2265 932 2325 habeut
953 2264 1069 2345 aliquid
1084 2283 1135 2324 ex·

179 2360 354 2434 cusationis,
369 2381 431 2420 non
454 2361 536 2422 illins
559 2361 685 2440 quidem
706 2361 815 2436 iustae,
836 2361 891 2420 sed
913 2381 992 2441 quae
1013 2360 1135 2442 probari

178 2476 270 2538 posse
294 2457 445 2518 videatur.
487 2457 655 2520 Contemni
675 2478 709 2518 se
732 2467 854 2538 putant,
876 2457 1002 2538 despici,
1026 2457 1133 2533 inludi,

209 2618 230 2662 1.
246 2615 319 2676 lodis]
351 2617 577 2664 Ablatireoftime.
675 2616 801 2675 dignityr’
816 2616 965 2662 hencresnd
975 2615 1068 2677 inperio
1075 2615 1135 2663 here

208 2687 231 2733 2.
246 2701 333 2746 mapno
358 2686 481 2747 corrasa]
528 2687 645 2733 Ablutlvs
674 2685 944 2742 stsndiuoppositiom
960 2685 1002 2730 the
1017 2685 1135 2730 latterre-

179 2757 292 2804 absoluto
303 2757 333 2802 os
344 2769 426 2804 cause.
674 2754 767 2811 forring
777 2759 803 2800 to
818 2755 860 2800 the
874 2755 984 2811 military
994 2753 1133 2810 command,

207 2826 230 2870 4.
246 2839 301 2870 cum
311 2823 399 2884 essent]
431 2825 483 2869 ‘As
493 2824 553 2880 they
562 2821 645 2870 were!
673 2824 719 2868 hut
729 2823 815 2868 vested
825 2823 886 2878 only
901 2824 925 2868 in
940 2822 1048 2878 consuls,
1065 2833 1135 2879 prse-

208 2895 230 2940 5.
246 2892 348 2952 sessum]
394 2893 417 2937 A
432 2893 520 2949 supine
534 2891 645 2938 stlerrs-
674 2891 978 2949 torssndgovemorsot
991 2893 1133 2948 provinces3

179 2961 275 3020 cepisse,
287 2960 368 3005 which
379 2960 474 3018 implics
485 2961 589 3006 motlon.
673 2960 715 3008 the
725 2959 817 3006 former
827 2960 848 3006 ls
859 2960 921 3006 used
939 2959 965 3004 in
982 2971 999 3004 a
1014 2971 1082 3006 nrore
1097 2971 1134 3005 re·

208 3029 230 3074 9.
245 3027 356 3087 callepio]
431 3027 470 3073 Sc.
510 3026 643 3088 asporati;
673 3028 774 3076 stricted
799 3039 878 3078 sense.
908 3027 1029 3084 referring
1048 3030 1074 3071 to
1093 3026 1134 3072 the

180 3098 291 3154 ‘college
311 3098 340 3142 ol'
357 3096 400 3143 the
421 3096 644 3156 angurs.’-prue·
674 3098 743 3142 office
756 3097 786 3142 of
798 3109 892 3151 censor,
908 3097 995 3150 sedile,
1012 3100 1134 3153 quaestor,

179 3165 256 3226 chero]
289 3166 441 3213 ‘Excellens
460 3165 644 3229 rules.’-lroe]
674 3168 839 3223 tribuissem.

179 3236 196 3284 i.
206 3248 227 3280 e.
238 3240 272 3281 est
282 3235 406 3293 inprimis
417 3235 581 3294 praecorum.
705 3235 741 3281 15.
749 3236 867 3297 fabulam
880 3258 911 3268 -
921 3234 1052 3295 perspisso]
1083 3234 1134 3282 ‘To

210 3303 245 3348 10.
261 3304 332 3362 prend]
347 3304 414 3350 ·The
424 3303 646 3350 mettnat.’-sen·
674 3304 739 3349 have
755 3305 845 3361 played
861 3309 887 3350 to
907 3305 949 3350 the
966 3316 1027 3361 very
1043 3303 1091 3350 sud
1109 3302 1137 3350 ol

149 3405 154 3412 ‚
180 3373 269 3419 tentiae
286 3373 463 3432 principatum]
496 3373 564 3420 ‘The
582 3375 646 3432 priv·
674 3374 915 3419 thcdrnmsoflife.’

181 3443 244 3498 ilege
254 3443 283 3487 of
296 3443 381 3498 voting
391 3441 461 3486 first!
704 3441 739 3490 17.
754 3443 882 3502 corruisse]
900 3443 951 3488 ‘To
961 3443 1025 3489 have
1039 3444 1134 3490 broken

210 3513 244 3560 ll.
260 3511 348 3558 honore
368 3507 570 3569 antecessurae]
588 3510 645 3558 ‘To
673 3510 849 3570 carust-At]
875 3510 1024 3561 Iatrodneea
1031 3512 1134 3562 mortu

179 3581 250 3628 those
260 3581 316 3626 who
327 3578 436 3630 ouuault
446 3577 645 3631 thominoffiolsl
673 3579 798 3638 obiectiou
805 3584 831 3630 to
841 3579 884 3627 old
893 3591 950 3639 testo.⁴
