2492 3900
184 245 244 307 116
395 245 429 309 Q·
454 243 582 298 cultrn
605 243 694 297 RUFI
717 243 768 296 Du
792 243 923 298 snsrls

183 419 335 501 nudisque
372 420 590 482 solitudinibus
614 419 716 495 aditis,
743 419 805 481 iam
839 429 943 481 tamen
978 419 1076 482 sterili
1101 427 1138 483 et
1242 407 1243 458 l

184 518 353 578 emoriente
368 529 457 578 terra.

224 613 282 674 IV.
304 613 366 673 Sed
391 626 427 674 ut
449 633 595 692 aperuere
619 633 654 674 se
679 613 778 692 campi
804 613 867 673 alto
888 613 989 674 obruti
1017 613 1136 690 sabulo,

184 710 267 770 baud
291 731 386 782 secus,
401 731 494 790 qnam
518 710 705 790 profundum
731 729 847 789 aequor
871 709 1008 789 ingressi,
1021 721 1137 771 terram

156 803 281 867 boculis
300 807 504 887 requirebant„
544 806 641 865 Nulla
661 807 759 880 arbor,
775 806 990 892 rnrllrrmoulti
1011 808 1066 866 soli
1087 827 1138 876 oc-

184 903 327 964 currebat
341 902 515 981 vestigium.
556 903 651 981 Aque
664 902 758 962 etiam
777 902 941 976 defecerat,
955 923 1047 982 quam
1063 903 1138 963 utri-

184 999 243 1059 bus
262 999 373 1061 cameli
387 1009 545 1072 vexerant,
558 1007 591 1058 et
604 999 636 1058 iu
653 999 738 1058 arido
759 999 824 1059 solo
839 1019 876 1059 ac
890 1000 1008 1060 fervido
1029 1001 1138 1060 sabulo

184 1095 270 1155 nulla
290 1104 367 1156 erat.
407 1095 460 1154 Ad
483 1096 542 1156 boo
561 1096 608 1154 sol
630 1095 732 1155 omnia
751 1095 937 1169 incenderat,
952 1097 1090 1177 siccaque
1105 1106 1140 1157 et

186 1192 296 1252 adusta
323 1201 413 1252 eraut
440 1211 516 1252 ora:
551 1211 622 1252 cum
651 1202 785 1271 repente,
810 1193 876 1252 sive
904 1193 981 1252 illud
1009 1195 1140 1254 deorum

138 1309 176 1371 10
186 1309 308 1363 munus,
321 1289 387 1348 sive
401 1307 489 1349 casus
510 1289 577 1361 fuit,
591 1288 743 1349 obductae
762 1289 846 1348 caelo
861 1289 958 1350 nubes
972 1291 1140 1352 condidere

187 1387 293 1459 solem3
317 1385 426 1465 ingens
450 1396 537 1446 aestu
560 1385 705 1463 fatigatis,
730 1384 850 1445 etiarnsi
874 1405 954 1465 aqua
982 1387 1139 1462 deficeret,

188 1482 344 1542 auxilium.
385 1481 554 1542 Enimvero
568 1492 603 1542 ιιι
618 1483 738 1562 largum
753 1502 875 1562 qnoque
890 1482 1018 1543 imbrem
1033 1503 1140 1545 exous·

187 1589 295 1638 serunt
308 1580 471 1656 procellae,
484 1599 541 1658 pro
555 1599 587 1638 se
601 1580 730 1658 quisque
753 1579 893 1658 excipere
907 1600 987 1652 eum,
1003 1581 1141 1660 quidam,

186 1675 227 1735 ob
240 1674 324 1736 sitim
338 1676 515 1756 inpotentes
529 1676 585 1749 sui,
599 1695 651 1734 ore
666 1695 788 1756 quoque
813 1676 910 1736 hianti
924 1688 1047 1757 captare
1067 1696 1138 1740 coe-

138 1782 307 1852 15peruut.

226 1868 268 1930 V.
290 1867 498 1940 eratriduum
525 1888 580 1947 per
606 1877 711 1928 vastas
736 1868 916 1930 solitudines
941 1869 1140 1953 absumptum

186 1977 242 2028 est.
282 1966 411 2047 Iamque
435 1968 517 2027 hand
540 1968 647 2045 procul
671 1967 786 2027 oraculi
810 1968 883 2027 sede
907 1968 1043 2043 aberant,
1066 1989 1141 2030 cum

186 2064 359 2143 complures
373 2064 457 2124 corvi
469 2064 585 2144 agmini
601 2074 773 2138 occurrunt,
786 2064 907 2125 modico
920 2066 1026 2126 volatu
1040 2065 1143 2146 prima

187 2161 276 2241 signa
302 2161 531 2235 antecedentes,
558 2172 591 2221 et
618 2160 712 2221 modo
739 2161 827 2221 humi
853 2161 1037 2237 residebant,
1065 2172 1139 2223 oum

111 2295 115 2301 -
137 2270 178 2332 20
187 2257 300 2320 leutius
314 2279 424 2337 agmen
437 2258 602 2331 incederet,
611 2258 706 2318 modo
720 2278 753 2317 se
766 2260 877 2338 pennis
890 2260 1044 2335 levabant,
1054 2272 1142 2320 ante-

187 2354 362 2414 cedentium
377 2355 497 2435 iterque
510 2354 750 2415 monstrantium
765 2354 835 2415 ritu.

226 2450 367 2511 Tandem
383 2452 424 2511 ad
438 2453 542 2513 sedem
557 2461 765 2513 consecratam
778 2452 837 2511 deo
848 2461 975 2513 ventum
990 2462 1046 2513 est.
1087 2450 1142 2513 In·

165 2550 332 2613 credibile
357 2549 451 2623 dictu,
476 2550 557 2610 inter
582 2558 685 2609 vastas
710 2548 891 2609 solitudines
917 2549 1140 2630 sitaundique

187 2646 394 2707 ambientibus
416 2647 517 2722 ramis,
541 2646 594 2707 vix
617 2645 650 2706 iu
679 2644 809 2705 densam
837 2645 977 2705 umbram
1004 2646 1138 2708 cadente

214 2805 237 2850 2.
252 2806 390 2869 moriente]
422 2806 556 2853 ‘Llfeless’
677 2804 850 2861 imponerem·
874 2805 978 2852 ‘unable
998 2810 1025 2853 to
1044 2806 1141 2852 control

215 2876 238 2922 3.
253 2879 377 2938 apernere]
409 2879 524 2936 ‘Opened
554 2883 580 2925 to
605 2878 648 2925 the
677 2874 844 2920 themselves!

186 2943 266 2989 view!
707 2945 742 2992 18.
759 2946 851 2991 modico
865 2946 958 3006 solutu]
998 2946 1141 3004 ‘lungen-

215 3011 237 3057 8.
253 3012 345 3071 omnio]
378 3014 434 3058 ‘All
443 3010 506 3060 their
523 3016 647 3074 supplies!
676 3015 710 3062 tle
721 3015 808 3079 lliglrt!

217 3079 252 3125 11.
267 3081 448 3142 attenuatoque]
480 3084 508 3129 In
530 3087 572 3132 the
593 3087 642 3133 t'nil·
705 3084 740 3129 19.
755 3084 927 3145 antecedentes]
957 3085 974 3131 l.
1001 3097 1023 3133 e.
1038 3086 1141 3144 preced-
1244 3142 1245 3145 Ἴ

187 3162 232 3196 ure
249 3150 279 3195 of
292 3150 334 3195 the
349 3152 440 3208 supply
455 3152 484 3197 ol
501 3160 583 3211 water,
603 3158 646 3201 the
675 3153 888 3211 iugitasguldes.
1101 3172 1108 3181 ·

188 3220 274 3266 clouds
285 3219 394 3265 afforded
407 3224 477 3277 great
487 3222 564 3270 relius.
705 3222 741 3268 22.
758 3222 899 3269 Incredibile
937 3223 1013 3285 dictu]
1068 3225 1141 3273 ‘One

217 3288 253 3335 12.
268 3288 367 3334 imbem
392 3297 543 3337 remanserunt
554 3294 647 3350 procel·
677 3291 751 3337 could
777 3292 886 3350 scarcely
911 3294 1004 3339 believe
1027 3294 1081 3339 that
1110 3306 1142 3341 so

187 3356 235 3418 lae]
253 3357 647 3417 ‘Thestormcloudsdiseharged
676 3360 877 3419 pleasantaspot
895 3362 969 3409 could
984 3364 1050 3409 exist
1061 3366 1087 3410 in
1096 3364 1142 3411 the

187 3423 326 3482 aptentilul
337 3426 407 3471 rain!
676 3428 774 3473 desert-⁹

218 3495 253 3539 14.
268 3493 399 3551 inpotenter
422 3493 472 3552 rat]
512 3494 558 3539 ‘In
584 3496 648 3541 their
705 3494 741 3539 24.
757 3496 864 3557 cadem]
895 3497 1086 3559 ‘Penetratlug.’
