2492 3900
203 270 263 331 134
407 268 440 333 Q·
465 267 592 321 cuam
615 268 703 320 RUFI
727 267 777 320 DE
802 267 932 321 casum

240 444 284 510 IL
304 444 416 525 Itaque
443 446 577 526 primum
605 444 708 518 animi,
732 444 846 504 deinde
875 463 1003 524 corpora
1023 443 1153 506 deficere

200 554 378 622 coeperunt.
418 542 552 621 Pigebat
572 550 605 602 et
629 542 797 602 consistere
819 551 851 601 et
865 541 1016 620 progredi.
1058 542 1155 603 Pauci

201 640 339 720 aperitis
354 639 487 718 regionis
502 638 652 698 admoniti
667 648 885 717 praepararant
905 658 1025 717 aquam.
1068 638 1155 699 Haec

199 736 367 816 paullisper
376 737 520 813 repressit
531 735 632 795 sitim:
653 735 765 794 deinde
778 745 933 795 crescente
948 744 1036 794 aestu
1051 755 1153 796 rursus

172 832 385 899 5desiderium
399 831 536 891 humoris
552 851 712 896 aescensum
728 841 784 890 est.
824 831 916 910 Ergo,
932 831 1075 910 quiequid
1091 831 1154 891 vini

200 930 320 1009 oleique
332 929 518 1001 crateribus
529 919 733 1007 ingerebatur,
743 937 891 1006 tantaque
904 929 1043 988 dulcedo.
1051 929 1151 988 biben-

200 1027 310 1101 difuit,
321 1037 355 1086 ut
370 1027 569 1105 inposterum
584 1025 652 1084 sitis
664 1045 725 1083 non
737 1024 906 1084 timeretur.
939 1025 1057 1084 Graves
1072 1025 1154 1083 dein·

200 1123 239 1183 de
254 1124 343 1183 avide
356 1125 467 1182 hausto
476 1123 604 1181 humore
615 1142 676 1180 non
691 1121 841 1181 sustinere
853 1141 946 1195 arma,
959 1142 1019 1181 non
1032 1122 1152 1201 ingredi

199 1229 352 1299 poterant,
366 1229 398 1279 et
412 1218 561 1279 feliciores
583 1219 775 1292 videbantur,
798 1239 874 1297 qnos
895 1238 975 1298 aqua
990 1220 1152 1293 deiecerat,

152 1322 189 1383 10
200 1335 268 1375 cum
284 1314 343 1394 ipsi
357 1314 424 1374 sine
438 1313 533 1394 modo
546 1313 677 1373 infusam
693 1313 811 1387 vomitu
824 1323 1008 1393 cogerentur
1020 1333 1151 1393 egerere.

239 1410 301 1472 111.
321 1411 461 1469 Anxium
476 1430 579 1488 regem
596 1410 691 1469 tantis
708 1410 794 1469 malis
817 1410 990 1488 circumfusi
1005 1411 1104 1484 amici,
1117 1421 1153 1471 ut

198 1508 392 1568 meminisset
407 1508 462 1580 sui,
477 1507 624 1566 orabant:
647 1507 741 1565 animi
758 1507 806 1566 sui
827 1507 1070 1586 magnitudinem
1088 1509 1152 1569 uni·

200 1624 271 1667 cum
287 1605 456 1676 remedium
476 1603 647 1663 deficientis
671 1603 824 1664 exercitus
849 1624 935 1664 esse:
958 1615 1027 1663 cum
1043 1625 1080 1664 ex
1095 1606 1152 1680 his,

200 1702 253 1781 qui
281 1715 507 1780 praecesserant
536 1699 575 1758 ad
604 1701 787 1779 capiendum
815 1701 916 1761 locum
945 1702 1061 1775 castris,
1088 1703 1151 1763 duo
1234 1724 1237 1730 ·

153 1817 191 1878 15
201 1789 373 1872 occurrunt,
388 1799 506 1859 utribus
528 1819 638 1879 aquam
660 1809 829 1879 gestantes,
845 1810 879 1859 nt
894 1800 962 1859 liliis
984 1801 1057 1875 suis,
1073 1821 1150 1881 quos

199 1896 230 1957 in
246 1896 357 1957 eodem
379 1895 500 1976 agmine
516 1915 583 1956 esse
605 1905 638 1957 et
659 1915 749 1975 aegre
770 1896 835 1976 pati
857 1897 938 1957 sitim
956 1916 1015 1956 non
1033 1877 1151 1978 ignora·

200 1996 285 2069 bant,
300 2006 502 2055 occurrerent.
544 1993 605 2066 Qui
620 2014 691 2055 cum
706 1995 736 2054 in
752 2015 857 2075 regem
871 1994 1059 2069 incidissent,
1074 1996 1152 2056 alter

200 2111 239 2151 ex
263 2092 316 2165 eis,
340 2102 407 2151 utre
431 2090 576 2165 resoluto,
600 2111 663 2164 ras,
685 2093 767 2171 quod
790 2080 884 2151 simul
901 2092 1026 2165 ferebat,
1045 2092 1151 2172 inplet,
1243 2116 1244 2179 j

200 2186 358 2267 porrigens
372 2187 445 2266 regi.
487 2186 543 2247 Ille
556 2188 686 2268 accipit:
701 2199 907 2268 percontatus,
919 2188 1027 2269 quibus
1039 2174 1151 2269 aquam

151 2299 191 2359 20
201 2294 367 2364 portarent,
391 2284 460 2343 filiis
483 2284 562 2344 ferre
590 2287 756 2364 cognoscit.
799 2285 888 2346 Tunc
912 2286 1022 2365 poculo
1049 2287 1151 2365 pleno,

200 2382 278 2441 sicut
293 2381 431 2441 oblatum
445 2393 501 2455 est,
515 2381 647 2456 reddito,
661 2390 677 2417 “
687 2380 755 2441 Nec
770 2380 879 2456 solus,'’
894 2374 1004 2462 inquit,
1017 2388 1034 2419 “
1045 2382 1150 2446 bibere

200 2478 336 2538 sustineo
359 2497 418 2538 nec
441 2486 506 2537 tam
527 2477 673 2557 exiguum
695 2478 833 2538 dividere
855 2478 997 2537 omnibus
1015 2497 1150 2556 possum.

142 2644 147 2653 ,
199 2574 267 2635 Vos
283 2574 395 2634 currite
410 2585 443 2636 et
456 2574 559 2637 liberis
575 2575 694 2649 vestris,
709 2575 792 2654 quod
807 2586 932 2658 propter
952 2575 1020 2634 illos
1049 2575 1151 2635 attuli·

199 2672 264 2744 stis,
279 2670 378 2731 date.'’

151 2776 190 2836 25
240 2769 298 2829 IV.
320 2768 462 2829 Tandem
484 2769 523 2829 ad
542 2768 658 2829 flumen
681 2768 784 2828 Oxum
806 2767 870 2847 ipse
891 2768 1031 2847 pervenit
1053 2766 1151 2847 prima

227 2928 249 3015 d.
264 2926 426 2987 inperetatur]
473 2928 548 2975 ‘Was
567 2927 661 2986 poured
691 2928 778 2985 spond,
788 2928 855 3008 since
865 2926 898 2973 all
908 2927 972 2973 their
981 2926 1060 2983 safety
1069 2925 1151 2972 rested

199 2996 250 3112 inf.
265 3063 434 3124 inportantur]
475 3065 665 3123 Regardlessof
691 2998 932 3125 upffildlerilarrereat]
970 3064 1056 3122 ‘They
1071 3066 1151 3123 might

199 3133 241 3179 the
266 3134 316 3179 fact
340 3134 395 3179 that
419 3147 479 3180 soon
499 3136 563 3181 their
586 3136 659 3180 thirst
689 3136 795 3182 relieve!

199 3203 282 3248 would
293 3205 322 3248 lle
329 3203 383 3260 just
393 3215 420 3249 as
431 3204 532 3249 intense.
715 3206 742 3251 21
764 3204 1044 3264 Nee—biberesustmeo]
1056 3204 1083 3250 ¹1
1094 3215 1151 3249 can-
1240 3190 1241 3221 l

229 3273 263 3318 10.
278 3271 331 3318 cine
350 3272 431 3333 modo]
462 3272 579 3322 Qualitles
593 3270 658 3332 insu-
687 3281 731 3321 not
743 3276 799 3321 beru·
810 3274 933 3333 (consent)
945 3280 969 3318 to
980 3275 1052 3320 drink
1062 3274 1151 3320 alone!

198 3342 659 3398 rcmr‘uithoutmoderation:‘with-
716 3344 752 3389 25.
767 3343 855 3402 Oeam]
900 3346 924 3388 A
945 3345 1010 3389 river
1031 3344 1061 3390 of
1083 3345 1151 3399 Asia,

199 3412 385 3459 outrestraint'
688 3424 744 3457 now
756 3414 798 3458 the
811 3413 929 3472 lp'ikcca,
945 3413 1026 3458 which
1046 3414 1152 3459 riseson

229 3482 265 3527 11.
280 3479 474 3537 armeminisset]
506 3478 658 3523 Hlsfollow·
689 3481 731 3524 the
742 3481 843 3526 borders
854 3481 884 3525 ol
895 3482 1021 3537 Hyrcania
1030 3483 1078 3526 and
1090 3482 1151 3537 sog-

200 3561 238 3595 ers
249 3548 376 3596 cnu·eated
395 3548 436 3593 the
451 3547 511 3603 king
527 3553 570 3590 not
583 3552 609 3591 to
619 3546 661 3591 de·
690 3547 905 3603 diana‚andflows
915 3549 967 3594 into
977 3551 1018 3595 the
1029 3550 1144 3609 Caspiae.
