2492 3900
116 209 225 281 esec]
346 213 673 268 arsuournosnon
695 216 808 270 mana
829 217 881 270 ιι.
1033 216 1074 279 ιι

116 389 217 470 Inque
231 390 314 452 vices
326 391 428 452 fuerat
442 401 586 474 captatus
602 393 756 456 anhelitus
768 393 840 468 oris,

117 495 135 526 ‘⁶
145 487 283 548 Invide’'
297 488 443 550 dicebant
457 491 592 570 “paries
605 491 682 570 quid
696 491 869 552 amantibus
882 489 1013 552 obstas?

117 583 279 656 Quantum
294 596 368 659 erat,
384 597 419 646 ut
433 586 549 648 sineres
564 597 634 648 toto
649 607 706 648 nos
721 607 848 664 corpore
861 588 958 667 iungi,
1033 589 1074 649 20

116 680 186 740 Aut
199 681 259 742 hoc
271 682 299 742 si
312 682 450 758 nimium,
464 684 515 744 vel
530 685 569 744 ad
584 685 690 745 oscula
704 685 809 746 danda
821 685 962 757 pateres!

117 777 187 838 Nec
201 799 306 840 sumus
319 779 452 859 ingrati:
473 781 530 842 tibi
543 802 600 842 nos
616 782 728 842 debere
742 783 885 856 fatemur,

118 873 211 946 Quod
227 876 318 936 datus
332 887 382 938 est
399 878 499 938 verbis
513 878 551 937 ad
567 878 681 938 anticas
694 878 843 940 transitus
856 878 973 940 aures”

117 970 207 1032 Talia
220 973 342 1034 diversa
356 974 542 1054 nequiquam
555 975 630 1040 sede
645 974 741 1035 locuti

118 1069 184 1130 Sub
198 1079 323 1130 noctem
337 1070 444 1130 dixere
458 1069 537 1146 vale,
550 1071 692 1151 partique
706 1071 821 1132 dedere
1032 1072 1074 1134 25

117 1161 234 1226 Oscula
248 1165 376 1248 quisque
391 1186 465 1227 suae
479 1187 542 1228 non
553 1167 766 1240 pervenientia
779 1177 897 1230 eontra.

117 1261 250 1323 Postera
263 1272 431 1323 nocturnos
444 1263 565 1324 Aurora
578 1275 755 1325 rernoverat
767 1263 868 1343 ignes,

119 1359 234 1441 Solque
248 1359 409 1440 pruinosas
423 1359 517 1420 radiis
530 1360 699 1421 siccaverat
712 1361 844 1422 herbas:

116 1455 172 1516 Ad
186 1456 312 1516 solitum
326 1455 426 1516 coiere
440 1457 562 1516 locum:
583 1465 661 1531 tum,
676 1477 830 1517 murmure
843 1474 954 1537 pervo-

118 1551 219 1613 Multa
231 1553 316 1634 prius
331 1553 441 1636 questi,
452 1564 601 1628 statuunt,
615 1564 651 1614 ut
664 1563 756 1615 noete
769 1555 873 1617 silenti
1033 1559 1074 1620 30

118 1649 239 1710 Fallere
254 1650 400 1710 custodes
413 1651 590 1730 foribusque
605 1651 754 1712 excedere
769 1662 934 1732 temptent,

119 1732 260 1828 Cumque
274 1746 369 1807 domo
383 1747 524 1822 exierint,
538 1748 620 1807 urbis
634 1769 756 1828 quoque
776 1761 859 1810 tecta
879 1750 1074 1832 relinquant:

69 1845 76 1856 '
117 1842 209 1918 Neve
223 1843 265 1903 sit
279 1843 443 1903 errandum
459 1844 522 1904 lato
537 1844 742 1922 spatiantibus
756 1865 840 1920 arvo,

119 1939 317 2003 Conuenient
330 1941 370 2001 ad
384 1940 477 2003 busta
489 1940 576 2016 Nini,
590 1940 769 2023 lateantque
783 1943 842 2004 sub
857 1943 966 2008 umbra
985 1994 991 2006 .

116 2037 267 2098 Arboris:
288 2039 379 2099 arbor
392 2038 436 2098 ibi
450 2038 550 2099 niveis
566 2039 718 2100 uberrima
731 2040 833 2120 pontis
1033 2043 1073 2105 35

118 2130 229 2193 Ardua
241 2152 347 2194 morus
362 2140 439 2208 erat,
452 2133 557 2215 gelido
571 2134 763 2195 'conterinina
774 2133 863 2198 fonti.

116 2225 218 2287 Pacta
230 2226 373 2303 placent:
394 2239 427 2289 et
439 2228 504 2302 lux,
517 2228 605 2290 tarde
619 2228 777 2291 discedere
789 2229 866 2305 visa

116 2323 347 2406 Praecipitatus
358 2326 455 2405 aquis,
469 2334 502 2388 et
516 2327 603 2406 aquis
615 2345 679 2387 nox
693 2326 793 2406 surgit
806 2326 846 2388 ab
858 2325 971 2391 isdem.

118 2420 240 2483 Callida
253 2440 309 2502 per
322 2423 472 2498 tenebras,
487 2432 609 2484 versato
623 2422 757 2498 cardine,
770 2422 887 2485 Thisbe

116 2512 288 2593 Egreditur
300 2516 439 2597 fallitque
453 2536 534 2591 suos,
549 2517 757 2596 adopertaque
771 2516 894 2577 vultum
1032 2518 1073 2580 40

117 2610 268 2673 Pervenit
281 2612 320 2673 ad
336 2614 498 2690 tumidum,
512 2614 656 2695 dictaque
670 2614 727 2674 sub
739 2612 848 2673 arbore
861 2612 952 2674 sedit.

148 2770 184 2817 18.
200 2771 231 2818 In
246 2770 319 2832 sices}
349 2770 409 2820 Less
429 2774 502 2820 usual
519 2774 580 2821 than
638 2772 674 2818 34.
690 2769 772 2831 buta]
801 2770 856 2818 The
875 2771 957 2830 plural
972 2772 1012 2820 for
1030 2774 1073 2822 the

116 2841 230 2887 datricem.
286 2862 290 2868 -
608 2843 735 2899 singulam
753 2842 796 2887 tbe
810 2841 973 2899 placewhere
988 2856 1003 2889 a
1017 2856 1073 2902 per-

147 2910 184 2956 20.
203 2912 327 2961 ίὶικιιιιιιιιι
337 2912 399 2972 erat]
417 2913 580 2960 ‘Howmuch
609 2924 655 2958 son
666 2924 716 2957 was
729 2912 804 2957 burnt
813 2923 864 2956 trus
872 2912 949 2959 called
967 2912 1071 2971 dmum,

116 2979 139 3025 it
155 2980 239 3026 would
257 2980 316 3035 be;'
331 2980 348 3027 l.
368 2992 390 3027 e.
410 2981 468 3027 how
484 2982 546 3030 little
562 2983 581 3029 it
609 2982 633 3027 if
639 2982 671 3027 he
681 2994 732 3027 was
742 2981 1021 3029 afterwardsbnriedon
1029 2984 1072 3032 the

119 3049 203 3095 would
214 3052 252 3095 be.
609 3062 678 3097 same
704 3058 780 3109 scote
808 3051 868 3099 here
892 3064 909 3099 s
932 3052 1072 3112 wpalcbral

146 3117 185 3163 at.
196 3118 275 3179 pam]
293 3118 578 3181 &purletia-dedere]
609 3120 705 3166 mound
714 3120 736 3165 is
746 3124 837 3167 meant.

117 3185 360 3248 Pluralasquisqus
374 3188 566 3236 isacollcctive.
638 3188 675 3235 38.
688 3187 770 3249 aqrcts]
807 3188 861 3235 The
876 3188 959 3236 dative
977 3189 1019 3237 {or
1043 3190 1072 3237 s'a

146 3255 302 3317 buccam]
357 3256 413 3305 ‘To
441 3259 484 3306 the
509 3260 581 3307 other
609 3258 983 3316 aqaes;i.e.lntotheoceau.

118 3322 188 3370 alde!
637 3327 676 3373 41.
691 3326 815 3387 emma]
846 3327 954 3375 Observa
969 3328 1012 3374 tbe
1026 3339 1071 3375 use

146 3392 184 3440 83.
199 3392 265 3441 Nm
283 3394 326 3455 sit]
379 3396 530 3454 Equlvalant
554 3399 581 3443 to
608 3396 639 3442 or
651 3397 693 3443 dre
703 3400 784 3444 tenses
799 3397 886 3445 nunu
900 3396 951 3445 sud
967 3397 1010 3446 tbs
1023 3397 1070 3445 iel·

117 3460 578 3525 &ua-(ammianum.
607 3464 786 3525 bulum.
