2492 3900
164 211 223 275 176
432 208 472 262 M·
496 207 623 263 uuum
647 206 843 262 CICERONIS

161 396 227 448 tem
251 394 358 466 agunt,
381 386 588 467 inportunitas
613 395 719 446 autem
740 395 772 446 et
792 385 1003 447 inhumanitas
1025 388 1113 448 omni

163 486 259 545 aetati
274 486 404 545 molesta
418 495 473 546 cst.

203 584 230 642 8.
271 579 424 642 Lienus.
465 582 531 655 Est,
545 592 581 642 ut
592 582 678 656 dicis,
694 583 782 656 Cato,
793 583 848 642 sed
860 583 988 651 foetasse
1001 583 1115 646 dixerit

163 678 313 758 quispiam
341 678 407 750 tibi,
435 689 561 756 propter
584 699 658 757 opes
687 689 719 737 ct
743 680 848 758 eopiias
872 689 904 738 et
929 680 1114 758 dignitatem

135 772 257 848 5tuam,
271 775 506 834 tolerabiliorem
521 785 712 834 senectutem
738 776 832 834 videri
842 796 852 851 3
874 776 905 834 id
922 786 1026 835 autern
1050 799 1113 836 non

163 891 253 951 posse
268 872 374 931 multis
389 871 578 950 contingere.

204 968 305 1029 cneo.
348 967 408 1028 Est
431 968 512 1028 istuc
525 970 660 1049 quidem,
675 968 768 1043 Laeli,
784 971 908 1049 aliquid,
929 971 983 1030 sed
1005 983 1115 1050 nequir·

163 1085 255 1145 quam
265 1066 294 1124 in
307 1065 366 1126 isto
378 1076 451 1126 sunt
463 1069 574 1140 omnia,
584 1077 619 1126 ut
630 1066 853 1127 Themistdcles
864 1068 961 1126 fertur
973 1069 1115 1146 Seriphio

95 1239 101 1252 ὁ
163 1162 287 1223 cuidam
313 1162 346 1222 in
374 1162 473 1242 iurgio
501 1162 706 1242 respondisse,
735 1184 805 1222 cum
829 1165 881 1223 ille
903 1164 1031 1225 dixisset
1050 1185 1116 1224 non

116 1270 154 1328 10
164 1281 234 1320 eum
259 1272 323 1334 sua,
347 1259 399 1320 sed
429 1261 546 1340 patriae
574 1261 673 1338 gloria
694 1261 890 1339 splendorem
916 1261 1115 1322 adsecutum:

164 1367 182 1395 “
189 1358 260 1418 Nec
274 1357 423 1431 hercule,”
438 1357 548 1436 inquit,
561 1364 579 1392 ‘⁴
589 1356 616 1415 si
630 1377 689 1436 ego
705 1357 861 1436 Seriphius
876 1379 984 1432 essem,
999 1379 1056 1418 nec
1070 1369 1116 1433 tu,

164 1455 190 1515 si
211 1454 411 1514 Atheniensis
434 1474 525 1527 esses,
550 1454 651 1513 clarus
675 1473 823 1533 umquam
843 1447 977 1515 fuisses?
1021 1455 1116 1527 Quod

164 1552 273 1611 eodem
298 1552 392 1611 modo
417 1552 456 1610 de
480 1561 640 1611 senectute
663 1551 723 1610 dici
744 1561 857 1630 potest.
899 1551 967 1611 Nec
987 1553 1116 1614 enimin

165 1660 285 1709 summa
308 1649 412 1727 inopia
434 1649 510 1708 levis
536 1669 604 1707 esse
627 1659 769 1708 senectus
790 1659 901 1727 potest,
923 1669 961 1708 ne
984 1650 1117 1728 sapienti

117 1746 298 1825 15quidem‚
325 1765 383 1804 nec
410 1745 566 1824 insipienti
601 1746 696 1806 etiam
724 1745 755 1804 in
784 1758 903 1806 summit
930 1747 1018 1825 copia
1053 1767 1116 1807 non

164 1843 276 1923 gravis
318 1844 345 1902 9.
366 1842 538 1921 Aptissima
563 1845 689 1902 omniuo
718 1854 798 1917 sunt,
829 1843 931 1922 Scipio
960 1855 992 1903 et
1020 1842 1117 1919 Laeli,

165 1960 250 2000 arma
264 1939 432 1999 senectutis
454 1950 535 1999 artes
550 1940 847 2020 exercitationesque
863 1941 1021 2013 virtutum,
1036 1962 1116 2022 quae

164 2036 197 2096 in
224 2037 309 2097 omni
341 2047 444 2096 aetate
469 2036 580 2111 cultae,
602 2058 673 2097 cum
700 2037 754 2095 diu
779 2038 971 2117 multumque
994 2039 1116 2113 vixeris,

165 2134 309 2194 mirificos
336 2133 467 2194 efferunt
490 2135 618 2208 fructus,
641 2155 702 2195 non
726 2134 827 2193 solum
852 2134 924 2213 quia
946 2154 1116 2214 numquam
1205 2146 1212 2155 “

116 2242 155 2300 20
166 2230 319 2305 deserunt,
357 2251 396 2290 ne
431 2242 569 2291 extremo
605 2231 730 2310 quide'm
766 2239 906 2309 tempore
945 2235 1115 2305 aetatis,—

165 2348 350 2407 quamqunm
374 2328 407 2387 id
432 2328 557 2408 quidem
572 2327 741 2387 maximum
770 2338 826 2400 est,
839 2363 880 2373 -
890 2348 996 2387 verum
1022 2326 1115 2387 etiam

165 2425 237 2504 quia
251 2426 437 2486 conscientia
461 2427 539 2485 bene
565 2434 651 2484 actae
677 2424 759 2483 vitae
784 2426 1011 2504 multorumque
1037 2424 1114 2484 bene

163 2521 314 2582 sactorum
329 2522 500 2582 recordatio
514 2520 734 2580 iucundissima
749 2531 805 2581 est.

194 2702 215 2748 1.
231 2702 396 2762 inportunitas
406 2723 435 2734 -
444 2699 623 2758 inhumanitas]
655 2699 812 2746 banishmcnt
823 2700 861 2747 for
871 2700 968 2746 Roman
982 2702 1115 2750 criminals.

165 2767 624 2827 ‘Incivilityandelrurlishness;’the
686 2769 721 2814 15.
737 2784 786 2814 non
814 2771 907 2829 proris]
962 2770 1116 2818 ‘Otherwise

138 2854 142 2857 ·
166 2841 257 2884 former
266 2840 385 2895 referring
394 2844 420 2883 to
430 2839 471 2883 the
483 2839 624 2892 demeunor,
655 2838 714 2884 than
725 2839 907 2885 burdunsome!

164 2906 207 2951 the
217 2906 289 2952 latter
299 2915 324 2951 to
333 2909 375 2952 the
386 2907 537 2963 disposition.
686 2910 720 2957 17.
735 2910 870 2969 senectutis]
910 2910 962 2957 The
983 2912 1115 2969 sirhjective

193 2975 215 3020 3.
231 2975 329 3034 dixerit]
360 2976 413 3020 The
431 2976 586 3031 subJunctivc
604 2976 625 3019 is
655 2980 775 3035 genitivu
792 2980 852 3025 ‘the
863 2983 1063 3037 weaponswhich
1074 2983 1116 3028 old

164 3043 226 3088 used
244 3047 270 3087 to
289 3042 368 3087 suiten
389 3044 431 3088 the
450 3045 578 3095 essentium
597 3055 626 3087 or
656 3058 700 3103 age
715 3060 815 3093 canusa
831 3048 1101 3103 agirinstallitsevils!

164 3113 254 3158 render
264 3114 281 3157 it
292 3113 339 3157 less
349 3114 459 3169 positive.
685 3116 719 3160 18.
736 3116 779 3161 diu
789 3118 944 3177 multumque]
977 3118 1114 3165 Diureiers

193 3182 215 3227 4.
231 3180 362 3239 quispiam]
393 3180 482 3225 unere
498 3180 561 3225 imm
578 3182 625 3226 ali·
656 3185 969 3242 simplytothclcngzhoi
983 3188 1038 3239 life:
1054 3188 1115 3234 mecl-

164 3251 249 3311 quisin
261 3252 333 3308 being
343 3252 390 3295 less
401 3250 508 3295 definite.
655 3258 714 3309 trent,
736 3261 761 3299 to
780 3255 822 3299 the
842 3257 952 3301 riehness
968 3258 998 3303 os
1013 3258 1114 3315 activity

193 3321 214 3365 8.
231 3321 352 3379 Seriphio]
383 3319 625 3377 Theinsignificance
654 3326 703 3368 und
715 3328 866 3380 experiente.
1110 3324 1113 3329 ’

164 3389 194 3435 oi
201 3390 319 3446 seriphus
329 3402 380 3434 was
390 3387 458 3435 olten
468 3402 501 3435 an
509 3390 590 3445 object
599 3391 629 3435 oi
683 3392 718 3439 21.
734 3409 879 3452 quemquam
899 3396 936 3455 id]
977 3399 1052 3445 ‘And
1073 3402 1115 3455 yet

165 3457 270 3503 derision
281 3462 307 3502 to
317 3458 359 3503 the
369 3458 486 3502 eneients.
517 3457 547 3503 In
563 3458 626 3503 later
654 3461 703 3505 this
721 3461 809 3506 indeed
827 3463 846 3505 is
860 3464 1000 3523 something
1010 3466 1040 3512 of
1054 3478 1114 3525 very

165 3527 237 3572 times
257 3526 276 3571 it
296 3538 345 3572 was
361 3526 423 3571 used
437 3536 465 3571 as
482 3538 498 3571 a
513 3526 582 3584 place
598 3527 628 3572 of
654 3530 723 3584 great
732 3528 899 3584 importante!
