2492 3900
265 252 361 305 CATO
384 252 513 313 MAIOR,
539 252 624 304 swa
648 253 699 303 DE
724 211 949 306 suliacinse.
1025 254 1082 316 185

128 428 242 490 voletis
256 439 393 507 externa,
408 431 557 491 maximas
569 451 621 490 res
635 431 772 510 publicas
784 431 823 491 ab
835 430 1082 493 adulescentibus

128 527 339 601 labefactatas,
360 547 378 587 e
400 528 524 587 senibus
549 537 738 587 sustentatas
766 540 798 587 et
819 530 978 589 restitutas
999 549 1082 609 repe

129 624 224 684 rietis.

164 755 244 814 Cedo,
258 726 309 818 qui
316 764 430 805 vestram
444 770 499 805 rem
511 742 647 819 priblieam
660 762 760 805 tantam
772 744 897 806 timisistis
909 746 963 807 tim
976 757 1028 807 cito
1041 756 1053 805 l

130 885 183 944 Sic
204 886 285 945 enim
307 897 537 965 percontantur,
554 896 589 947 ut
604 898 652 946 est
667 887 697 945 in
712 886 827 947 Naevii
848 897 958 968 politae
972 887 1079 948 Ludo:
1110 896 1129 955 5

129 983 355 1061 respondentur
368 993 401 1043 et
415 985 474 1043 elia
489 996 521 1043 et
534 984 594 1045 hoc
607 984 639 1043 in
655 984 780 1064 primis:

245 1104 441 1165 Prore‘niebant
453 1105 572 1166 erritores
585 1090 658 1174 nori,
672 1116 747 1165 stulti
759 1106 961 1166 adulescentuli.

129 1226 302 1289 Temeritas
322 1240 371 1290 est
384 1230 530 1291 videlicet
552 1230 691 1291 florentis
711 1230 830 1304 aetatis,
851 1231 1014 1310 prodentia
1034 1252 1080 1293 se·

128 1326 292 1387 noscentis.

169 1422 245 1483 VII.
266 1425 314 1483 21.
354 1424 401 1484 At
427 1425 575 1485 memoria
599 1424 757 1484 minuitur.
799 1424 909 1499 Credo,
932 1424 990 1485 nisi
1010 1446 1078 1486 eam
1090 1427 1128 1487 10

128 1539 278 1594 exerceas,
293 1525 451 1581 autetiam
466 1522 491 1580 si
510 1522 551 1581 sis
574 1531 685 1587 natura
699 1521 822 1580 tardior.
857 1521 1079 1583 Themistocles

128 1616 265 1675 omnium
287 1618 399 1677 civium
421 1627 599 1697 perceperat
621 1617 756 1677 nomina.
797 1618 883 1677 Num
904 1618 997 1696 igitur
1011 1640 1079 1679 cen-

128 1713 202 1772 setis
217 1732 296 1787 eum,
311 1735 381 1774 curn
406 1725 508 1774 aetate
534 1714 741 1794 processisset,
756 1715 807 1793 qui
825 1714 979 1775 Aristides
998 1726 1079 1776 essct

127 1806 345 1888 Lysimachum
369 1811 502 1870 salutare
528 1811 679 1872 solitum?
720 1810 875 1891 Equidem
900 1833 961 1870 non
985 1814 1078 1872 modo

127 1924 180 1966 eos
196 1904 277 1981 novi,
292 1907 344 1986 qui
359 1917 440 1980 sunt,
454 1908 507 1967 sed
523 1926 630 1968 eorum
644 1918 747 1987 patres
758 1908 850 1968 etiam
862 1919 894 1968 et
903 1927 994 1984 av0s3
1022 1930 1078 1970 nec
1090 1905 1126 1965 15

127 2004 268 2082 sepulcra
288 2004 395 2081 legens
410 2024 525 2078 vereor,
547 2005 630 2084 quod
655 2005 750 2076 aiunt,
765 2026 804 2064 ne
819 2007 1000 2065 memoriam
1015 2027 1080 2085 per-

127 2100 219 2175 dam3
239 2101 287 2161 his
303 2101 384 2160 enirn
400 2101 473 2180 ipsis
487 2102 628 2181 legendis
642 2102 672 2161 in
689 2103 868 2161 memoriam
889 2082 983 2162 redeo
1002 2125 1080 2162 mor·

126 2207 259 2258 tuorum.
300 2197 370 2259 Nec
391 2218 464 2258 vero
487 2219 674 2279 quemquam
688 2219 796 2260 senem
810 2200 915 2260 audivi
935 2201 1078 2273 oblitum,

155 2357 178 2402 4.
196 2357 270 2417 Cedo]
315 2358 356 2403 An
377 2357 418 2403 old
435 2358 585 2415 imperative,
645 2349 682 2403 ir.
699 2358 883 2418 Lysimachum]
900 2359 952 2405 The
963 2359 1044 2405 father
1053 2359 1083 2406 01

126 2427 267 2484 equivalent
286 2431 313 2474 to
329 2427 378 2473 dic.
415 2427 475 2472 This
496 2429 545 2474 line
565 2429 586 2472 is
615 2428 745 2474 Aristides.

126 2496 191 2542 from
208 2496 325 2552 Naevius,
345 2509 392 2542 one
402 2498 431 2542 01
447 2498 489 2543 the
506 2498 586 2543 oldest
646 2496 681 2540 15.
697 2496 738 2555 qui
757 2495 824 2556 sunt]
856 2496 940 2542 ‘Who
960 2509 1001 2542 are
1021 2509 1078 2543 now

126 2565 246 2611 dramalic
265 2568 356 2612 writers
376 2566 406 2612 01
426 2566 514 2612 Rome.
545 2567 585 2613 Hc
615 2564 710 2622 living!

69 2655 72 2660 ·
126 2635 413 2681 circumornetur.
646 2634 680 2680 16.
696 2634 806 2691 sepulcra
825 2633 913 2694 hyena]
946 2635 1079 2701 ‘Readlng

153 2705 175 2749 5.
193 2704 272 2765 Ludo]
318 2705 370 2751 The
381 2706 433 2752 title
450 2705 480 2751 01
496 2717 543 2751 one
560 2705 590 2752 01
615 2704 658 2749 the
688 2704 844 2760 inscriptions
874 2715 906 2749 on
931 2704 973 2750 the
998 2707 1078 2750 torni)-

125 2771 254 2818 Naevius's
265 2773 345 2831 plays.
615 2770 715 2817 stonos.¹
755 2771 815 2816 This
840 2770 902 2816 Cato
927 2784 977 2816 was
1003 2773 1079 2830 doing

155 2841 189 2885 10.
205 2840 249 2899 At]
281 2841 340 2886 This
351 2841 489 2886 introduces
504 2853 519 2886 a
535 2841 585 2886 fur·
614 2841 688 2886 while
698 2843 830 2899 prcpnring
839 2842 878 2887 his
889 2844 895 2867 ⁴
906 2841 1034 2901 Oriqirier,'
1045 2856 1078 2888 on

125 2911 179 2954 llrcr
189 2910 311 2965 nlrjcction
327 2913 352 2953 to
367 2910 408 2955 the
419 2914 549 2966 argument
559 2908 589 2954 01
614 2910 697 2954 which
715 2910 747 2955 lre
764 2921 814 2954 was
825 2911 935 2967 engaged
946 2910 975 2956 B.
988 2912 1077 2957 0150.

127 2979 192 3023 Cato.
224 2979 287 3024 ‘We
298 2986 370 3034 grant
379 2979 444 3024 what
454 2991 505 3036 you
521 2979 584 3024 have
614 2978 695 3024 There
711 2990 799 3034 seems,
817 2980 949 3034 according
963 2984 989 3025 to
1004 2981 1078 3026 Eras-

125 3047 442 3107 snid,d2ct,'cte.-Credo]
482 3048 521 3093 Sc.
541 3047 585 3093 hoc
613 3049 791 3103 mus,tohave
809 3050 1077 3106 beenasupcrsritious

124 3117 232 3171 110111ος
248 3117 323 3162 hence
334 3116 376 3161 the
388 3116 512 3173 following
527 3117 584 3160 sub·
614 3117 691 3163 belief
705 3118 764 3162 with
783 3118 824 3163 the
845 3118 957 3164 Romans
978 3124 1003 3164 at
1024 3121 1077 3165 tlmt

121 3185 243 3241 junctives
252 3187 276 3230 in
286 3186 327 3231 the
336 3186 494 3232 subordinate
502 3186 584 3231 clause
614 3187 682 3242 timc,
691 3187 744 3232 that
754 3188 795 3233 the
810 3188 912 3244 readlng
924 3188 954 3234 01
965 3190 1027 3234 such
1042 3190 1078 3235 in·

124 3253 403 3311 oltheoraliooiliqua.
616 3256 745 3312 scriptione
756 3251 1057 3316 impalred'thememory.

154 3325 188 3370 13.
204 3325 244 3382 qni
252 3324 372 3370 Aristides
380 3322 449 3382 essct]
473 3324 586 3369 Salutaris
646 3325 681 3373 17.
696 3325 723 3370 in
748 3326 899 3386 memoriani]
946 3328 974 3374 ‘1
995 3330 1077 3375 revire

123 3395 192 3440 takes
216 3399 266 3439 two
296 3394 455 3446 accusatives,
488 3405 534 3438 one
559 3392 589 3438 01
616 3394 962 3450 11οωοωοτγο111100001.’

123 3463 203 3508 which
223 3464 244 3508 ls
264 3463 323 3508 here
346 3476 408 3516 eum,
425 3461 584 3519 understood,
644 3461 680 3508 18.
696 3462 933 3520 quemquamrenem]
950 3464 1078 3518 ‘Anyono

54 3539 57 3545 '
123 3533 239 3580 towlrich
250 3533 292 3580 the
302 3531 403 3578 relative
413 3529 497 3578 refers.
613 3531 1076 3586 asanoldmam'heoausehcisold.
