2492 3900
128 197 265 264 133-154.]
330 194 688 248 METAMORPHOSEON
710 197 821 248 LIBER
843 198 880 248 11.
1039 199 1081 259 23

126 373 197 434 Hac
211 373 251 433 sit
264 372 339 432 iter:
360 371 523 432 manifesta
536 380 622 432 rotae
637 372 766 453 vestigia
780 391 896 433 cemes.

127 469 237 548 thue
250 471 350 530 ferant
364 489 479 548 aequos
493 479 525 528 et
539 471 657 528 caelum
671 480 703 529 et
717 481 798 530 terra
812 471 936 543 calores,

126 567 196 626 Nec
206 587 317 647 preme,
326 586 383 625 nec
392 586 546 625 summum
555 567 662 625 molire
671 587 726 645 per
736 567 1001 630 aetheracurrum.
1022 568 1079 630 135

128 664 231 723 Altius
246 683 384 742 egressus
399 662 543 722 caelestia
556 672 640 722 tecta
654 663 813 737 cremabis,

128 758 260 819 Inferius
274 772 387 818 terras:
407 759 511 817 medio
525 757 700 818 tutissimus
714 759 779 819 ibis

129 855 200 914 Neu
215 866 247 915 te
262 854 419 933 dexterior
432 863 548 913 tortum
563 853 698 914 declinet
712 854 750 913 ad
765 855 921 934 Anguem,

130 952 220 1011 Neve
234 951 404 1012 sinisterior
417 970 553 1029 pressam
568 962 638 1011 rota
651 951 745 1012 ducat
758 952 798 1012 ad
811 953 920 1027 Aram,

130 1049 217 1109 Inter
231 1058 394 1126 utrumque
408 1058 496 1107 tene·
529 1047 687 1108 Fortunae
702 1059 805 1109 cetera
817 1050 942 1123 mando,
998 1099 1005 1108 .
1023 1049 1081 1111 140

131 1145 219 1218 Quae
234 1146 319 1204 iuvet
334 1153 366 1203 et
379 1144 488 1203 melius
503 1163 594 1222 quam
609 1155 645 1204 tu
660 1144 716 1204 tibi
730 1146 871 1205 consulat
884 1157 969 1226 opto.

130 1242 215 1302 Dum
230 1242 344 1320 loquor,
361 1240 512 1319 Hesperio
527 1241 642 1320 positas
656 1241 686 1300 in
701 1241 791 1301 litore
805 1251 903 1302 metas

132 1339 269 1398 Humida
283 1358 345 1397 nox
360 1338 480 1416 tetigit:
501 1356 562 1396 non
579 1347 627 1396 est
640 1358 726 1396 mora
740 1338 836 1397 libera
849 1338 956 1398 nobis:

132 1435 300 1495 Poscimur.
341 1433 477 1511 Effulget
492 1433 627 1493 tenebris
642 1435 763 1494 Aurora
777 1435 899 1513 lugetis.

134 1531 259 1608 Corripe
274 1531 339 1588 lora
353 1549 463 1588 manu:
484 1530 542 1601 vel,
558 1530 582 1588 si
599 1531 746 1590 mutabile
760 1542 869 1609 pectus
1024 1532 1082 1593 145

131 1628 191 1688 Est
205 1627 270 1700 tibi,
284 1626 424 1698 consiliis
439 1646 499 1684 non
516 1626 655 1685 curribus
669 1637 754 1686 utere
769 1627 891 1701 nostris,

132 1725 216 1784 Dum
231 1733 328 1804 potes,
343 1733 374 1782 et
389 1723 496 1781 solidis
511 1723 687 1782 etiamnunc
701 1724 826 1782 sedibus
842 1725 955 1796 adstas,

132 1820 278 1900 Dumque
293 1819 372 1878 male
387 1829 511 1898 optatos
527 1820 665 1878 nondum
679 1821 791 1898 premis
805 1820 919 1880 inscius
934 1839 1017 1881 axes.

134 1917 222 1990 Quae
237 1926 323 1977 tutus
337 1925 466 1995 spectes,
480 1915 545 1975 siue
562 1935 609 1975 me
624 1915 698 1975 dare
712 1916 828 1976 lumina
843 1916 956 1978 terris!
1183 1973 1187 1988 ,

135 2015 274 2093 Occupat
289 2014 339 2073 ille
353 2014 452 2071 levem
468 2013 594 2071 iuvenili
608 2032 735 2091 corpore
749 2034 880 2087 currum,
1025 2014 1084 2075 150
1180 1994 1186 2043 ’⁸

135 2111 264 2190 Statque
279 2130 378 2189 super,
392 2110 594 2188 manibusque
608 2109 698 2169 datas
713 2110 891 2189 contingere
905 2110 1040 2172 habenas

133 2208 267 2279 Gaudet,
282 2215 314 2265 et
328 2205 426 2264 invito
440 2214 543 2283 grates
559 2205 624 2283 agit
638 2204 710 2264 inde
724 2207 853 2284 parenti.

133 2303 258 2364 Interea
271 2303 410 2362 volucres
424 2300 534 2379 Pyrois
550 2300 634 2361 Eous
648 2312 680 2361 et
694 2303 829 2377 Aethon,

135 2399 215 2462 Solis
230 2398 309 2479 equi,
324 2408 511 2479 quartusque
526 2396 677 2479 Phlegon,
692 2399 862 2461 hinnitibus
877 2418 965 2461 auras
1020 2452 1027 2463 .

164 2558 213 2604 136.
231 2556 322 2615 Altius]
365 2556 433 2603 ‘Teo
452 2556 546 2614 high3'
568 2568 596 2603 so
625 2556 668 2604 th'e
684 2559 769 2603 shores
784 2559 814 2603 of
826 2558 867 2604 the
883 2562 987 2604 western
1002 2570 1087 2616 ocean,

134 2628 248 2691 dauferius,
260 2630 317 2672 ‘too
328 2626 392 2671 low!
626 2626 707 2673 where
723 2627 810 2683 Night,
825 2626 917 2683 having
928 2628 1033 2673 fiulshed
1043 2628 1089 2673 her

165 2698 215 2743 138.
230 2696 359 2754 drumm]
392 2696 597 2741 Semela-An·
626 2705 720 2748 course,
733 2696 802 2739 slnks
813 2695 865 2739 into
875 2694 917 2739 the
928 2695 998 2752 deep,
1015 2700 1042 2741 to
1058 2697 1088 2742 be

133 2766 215 2827 prtem]
249 2764 421 2827 1111111111,
437 2776 453 2808 a
468 2765 596 2810 constella·
627 2763 786 2819 followedby
797 2764 838 2808 the
849 2764 910 2808 Sun.

134 2838 187 2882 tion
198 2837 307 2881 between
318 2835 359 2879 the
370 2838 419 2878 two
429 2834 513 2879 Bears.
657 2833 707 2878 148.
737 2832 803 2891 area]
836 2833 887 2878 For
906 2833 948 2878 the
968 2833 1087 2891 singular,

167 2904 214 2949 139.
231 2902 319 2961 mum]
343 2901 396 2947 The
405 2902 483 2956 Alter,
491 2901 598 2947 ascutu-
626 2912 654 2947 as
665 2902 707 2946 the
717 2901 811 2945 chariot
818 2912 868 2945 was
879 2902 1058 2947 two-wheelcd.

136 2984 179 3020 ern
195 2972 374 3026 constellation,
385 2971 464 3016 called
478 2984 596 3027 pressam,
657 2969 706 3014 149.
725 2968 803 3027 Quae]
825 2969 1089 3025 Equivaleuttoutm

137 3039 299 3097 ‘depressedss
309 3041 413 3085 51111111
427 3040 468 3083 the
480 3041 597 3085 southern
626 3038 678 3085 riae
689 3039 709 3082 is
720 3038 762 3084 the
772 3039 923 3095 imperative.

136 3109 292 3166 hemisphore
303 3109 372 3153 siuks
387 3108 467 3154 below
477 3120 523 3153 our
534 3110 597 3153 hori·
657 3108 706 3152 150.
722 3108 829 3166 corpore]
860 3107 913 3153 The
932 3107 1039 3153 ablativo
1056 3105 1086 3152 of

136 3192 192 3225 uon.
465 3210 470 3223 .
628 3188 700 3222 cause
711 3176 864 3221 usterlevem.

167 3245 295 3306 14111111]
327 3246 482 3303 8111111111,
498 3258 597 3303 or,per-
658 3244 707 3288 152.
721 3244 876 3303 proteraqr‘t]
905 3244 973 3290 Used
984 3242 1089 3299 particu-

137 3316 208 3373 haps,
221 3317 281 3362 used
292 3316 439 3372 absolutely.
629 3313 692 3370 latly
703 3315 732 3358 of
738 3314 829 3358 thauks
840 3315 912 3367 giren
923 3316 949 3357 to
960 3312 1001 3357 the
1011 3310 1088 3367 godet

168 3384 305 3445 11111111]
330 3384 597 3443 Supplyutaheropto.
627 3382 670 3427 the
682 3393 797 3427 common
808 3380 1089 3438 expressloulsqratrar

168 3454 219 3502 142.
235 3454 477 3515 Hesperio-litore]
505 3454 522 3501 1.
534 3465 599 3501 oon
628 3449 819 3511 apere-inde]
848 3451 865 3496 1.
876 3448 1029 3496 1111111111.
