2492 3900
123 240 263 304 teo—411]
336 237 693 292 METAMORPHOSEON
714 239 827 292 LIBER
848 239 873 290 1.
1039 237 1077 298 15

124 414 204 476 Inde
218 415 434 477 Promethides
448 415 576 495 placidis
590 376 792 495 Epimethida
805 417 895 478 dietis

124 511 242 572 Muleet
256 522 288 572 et
301 519 318 550 “
327 511 395 571 Aut
409 510 528 570 sallax”
543 513 586 572 ait
600 521 674 572 “est
688 513 823 572 sollertia
836 514 934 588 nobis,

124 601 193 661 Aut
206 603 256 681 pia
270 612 350 675 sunt,
364 603 544 682 nullumque
559 604 644 662 nefas
658 603 781 662 oracula
795 604 934 664 suadent.

125 698 242 778 Magne
255 718 363 777 parens
377 709 460 758 terre
473 708 537 758 est:
557 698 676 777 lapides
691 699 721 758 in
736 720 861 778 corpore
876 711 975 761 terrae

125 795 206 855 Ossa
219 815 287 854 reor
300 795 377 854 diei:
397 795 496 855 iacere
511 796 568 854 hos
581 805 653 874 post
668 805 756 875 terge
769 797 936 857 iubemur?
1018 798 1077 858 225

127 888 274 968 Coniugis
288 888 416 969 augurio
431 909 618 969 quamquam
633 889 758 949 Titania
771 901 855 950 mota
870 900 927 964 est,

128 988 203 1064 Spes
218 985 366 1045 tamenin
383 985 477 1045 dubio
492 996 556 1046 est:
578 985 657 1046 adeo
672 987 853 1047 caelestibus
867 989 959 1048 emho

125 1081 278 1141 Diffidunt
292 1081 426 1142 monitis.
468 1081 531 1142 Sed
546 1082 620 1162 quid
636 1092 788 1162 temptare
802 1085 949 1144 nocebit?

124 1179 337 1254 Descendunt,
351 1180 517 1260 velantque
532 1190 634 1260 eaput,
647 1181 829 1261 tunicasque
842 1182 1015 1262 recingunt,

125 1277 169 1337 Et
183 1277 282 1337 iussos
296 1276 414 1355 lapides
430 1288 572 1356 sua-post
585 1277 719 1358 vestigia
732 1278 870 1338 mittunt.
1020 1282 1078 1341 230

127 1373 209 1432 Saxa
226 1372 307 1452 (quis
322 1373 381 1432 hoe
395 1373 509 1446 eredat,
524 1373 583 1432 nisi
597 1374 638 1434 sit
651 1395 707 1452 pro
720 1384 801 1435 teste
816 1377 990 1456 vetustasi)

126 1467 246 1526 Ponere
262 1467 406 1526 duritiem
420 1487 547 1546 coepere
562 1488 712 1546 suumque
726 1467 868 1547 rigorem,

125 1563 301 1642 Mollirique
315 1575 409 1636 morri7
423 1565 602 1642 mollitaque
617 1565 729 1624 ducere
744 1566 882 1626 formam.

124 1660 210 1733 Mox,
225 1661 276 1719 ubi
291 1673 461 1732 creverunt,
476 1673 645 1739 naturaque
659 1662 763 1720 mitior
776 1662 835 1722 illis

127 1758 275 1837 Contigit,
290 1768 324 1818 ut
339 1759 500 1837 quaedam,
514 1759 557 1818 sie
572 1779 634 1817 non
648 1760 819 1833 manifesta,
833 1761 931 1820 videri
1021 1763 1079 1822 235

125 1855 240 1914 Forma
253 1865 357 1934 potest
371 1855 512 1926 hominis,
527 1855 582 1914 sed
596 1855 643 1914 uti
658 1856 697 1914 de
711 1877 862 1916 marmore
877 1868 997 1938 coepto,

125 1952 199 2014 Non
216 1962 325 2013 exacte
339 1952 423 2025 satis,
437 1952 626 2031 rudibusque
640 1954 796 2013 simillime
809 1954 914 2034 signis.

127 2050 216 2122 Quae
230 2060 336 2110 tamen
350 2069 389 2108 ex
402 2048 463 2107 illis
477 2050 579 2129 aliquo
593 2070 664 2129 pars
678 2049 805 2110 humida
818 2071 892 2112 suco

125 2145 170 2207 Et
183 2140 305 2206 teirene
318 2145 386 2219 fuit,
400 2165 490 2205 versa
504 2154 552 2205 est
566 2145 598 2206 in
613 2146 748 2225 eorporis
762 2167 869 2223 usum3

125 2243 219 2315 Quod
234 2244 368 2305 solidum
379 2253 428 2303 est
438 2242 581 2322 flectique
592 2244 709 2323 nequit,
719 2253 858 2305 mutetur
871 2244 903 2306 in
914 2266 999 2307 ossae
1019 2248 1079 2308 240

126 2342 215 2414 Quae
230 2342 322 2401 modo
338 2360 417 2400 vena
430 2340 498 2414 fuit,
511 2341 568 2401 sub
582 2341 691 2399 eodem
706 2341 831 2401 nomine
845 2344 976 2404 mansit:

125 2437 224 2518 Inque
238 2437 326 2498 brevi
340 2436 440 2515 spatio
454 2455 635 2516 superorum
649 2440 774 2498 numine
788 2458 865 2498 saxa

125 2615 265 2661 sometimes
283 2626 383 2659 remove
397 2612 529 2672 -quefrom
543 2612 586 2658 the
645 2613 696 2659 229.
711 2612 875 2673 mundent]
905 2614 922 2660 l.
938 2626 960 2661 e.
975 2615 1005 2663 ds
1021 2620 1080 2663 tens·

124 2684 178 2731 first
192 2688 218 2729 to
234 2684 275 2729 the
290 2683 382 2729 second
397 2695 425 2728 or
439 2682 506 2727 third
516 2682 586 2728 word
611 2682 650 2743 pli
662 2683 788 2743 qraditus.
818 2684 856 2729 cf.
868 2696 892 2728 v.
902 2683 955 2729 206.

125 2756 154 2801 of
166 2756 207 2801 the
218 2754 308 2800 clause.
643 2752 694 2797 233.
709 2752 788 2811 mmo]
812 2752 864 2808 ‘By
875 2753 1024 2810 deley,’i.e.
1040 2756 1080 2802 ‘in

153 2824 203 2869 221.
218 2822 586 2880 Thepntronymicsimplythet
615 2819 690 2874 time,’
702 2819 862 2876 ‘gradually‚’

124 2893 167 2937 the
178 2892 370 2937 characteristico
381 2892 410 2937 of
421 2892 585 2936 Prometheus
644 2888 695 2933 233.
710 2887 822 2947 «ct-sic]
833 2887 957 2944 centon
969 2890 1079 2948 ‘though

124 2961 175 3005 and
181 2961 342 3017 Epimetheus
349 2960 586 3017 (Forethoughtend
616 2970 693 3013 some,
711 2963 755 3015 yet
772 2963 816 3003 not
833 2970 848 3004 a
866 2958 967 3005 distinct
983 2960 1078 3007 humen

124 3030 313 3087 Afterthought)
332 3042 373 3075 are
393 3041 451 3075 seen
476 3028 502 3075 in
524 3030 588 3075 their
617 3028 755 3083 form,’ete.

125 3098 244 3144 children.
644 3096 696 3142 238.
714 3096 781 3146 Quae
809 3095 901 3156 tamen]
952 3097 1077 3155 Arrenge:

152 3168 204 3214 222.
219 3166 297 3227 nohis]
327 3167 378 3212 For
388 3166 458 3213 milti.
610 3166 843 3227 parmilluquae
851 3166 1076 3229 fidthumidqetc.

152 3238 203 3283 223.
215 3236 271 3296 pia]
289 3236 586 3283 ‘Consistentwithfiliel
644 3236 696 3282 239.
711 3236 946 3295 inoorporiuusum]
977 3236 995 3279 i.
1010 3247 1032 3280 e.
1052 3238 1079 3280 to

123 3307 254 3353 affection!
580 3340 582 3347 .
616 3318 685 3352 serve
695 3319 722 3351 es
733 3306 796 3352 flesh
806 3318 835 3351 or
844 3304 1078 3362 musclesinoppo-

152 3378 203 3423 226.
222 3376 333 3436 Titania]
359 3377 375 3422 i.
384 3388 405 3421 e.
416 3376 521 3433 Pyrrhe,
529 3376 586 3421 who
616 3377 690 3421 sition
700 3380 726 3421 to
736 3390 798 3421 ossa.

122 3459 174 3493 was
184 3448 227 3494 the
239 3447 441 3505 grenddaughter
451 3446 480 3493 oi
491 3446 534 3493 the
543 3446 584 3493 Ti·
642 3445 693 3491 242.
708 3443 818 3503 numine]
848 3444 902 3491 The
919 3442 1026 3489 ebletive
1046 3441 1077 3487 oi'

123 3516 284 3575 untapetus.
315 3516 354 3563 cf.
364 3528 388 3562 v.
400 3514 449 3561 183.
613 3513 881 3570 neuseenertraxere.
