2492 3900
189 173 248 233 202
453 172 492 222 Μ.
517 170 645 222 rumn
671 168 866 221 mcuuours
927 227 931 236 ,

188 348 313 409 omnino
337 348 466 423 modice,
490 348 546 408 sed
570 356 637 407 erat
660 346 785 426 quidam
813 346 916 407 fervor
929 346 1058 423 aetatis3
1078 358 1178 428 qua·
1245 330 1246 341 ἵ

186 446 404 526 progrediente
419 446 520 504 omnia
535 445 613 504 fiunt
628 444 660 503 iu
675 445 741 504 dies
756 444 888 524 mitiora.
927 443 1040 523 Neque
1055 446 1148 505 enim

187 542 322 621 ipsorum
347 543 557 603 conviviorum
579 541 817 601 delectationem
840 541 1052 619 voluptatibus
1076 564 1148 603 eor-

142 660 145 665 ·
187 639 269 717 poris
282 640 378 719 inagis
393 659 484 718 quam
500 649 590 697 coetu
603 638 771 697 amicorum
786 649 819 697 et
829 641 1020 700 sermonibus
1031 642 1146 701 metie-

159 731 250 794 5bar.
305 734 391 795 Bene
416 736 499 794 enirn
532 735 665 794 maiores
695 735 946 795 “accubitionem
981 739 1144 816 epularem

187 832 379 906 amicorum,’'
394 833 465 912 quia
487 832 569 891 vitae
590 832 841 891 coniunctionem
862 834 998 906 haberet,
1012 835 1144 893 “convi-

186 929 270 988 vium
280 929 297 958 ”
312 930 510 989 nominarunt
519 949 528 1004 ;
550 930 660 989 melius
676 948 768 1007 quarn
783 930 903 1002 Graeci,
915 930 966 1010 qui
982 932 1040 990 hoc
1054 930 1142 990 idem

186 1035 252 1087 turn
267 1034 284 1063 ‘⁴
295 1026 582 1107 compotationem,”
598 1034 667 1085 turn
689 1033 706 1062 ‘⁴
717 1029 968 1087 concenationem
978 1027 994 1056 ’'
1015 1039 1141 1103 vocant,

186 1136 230 1200 ut,
245 1126 326 1205 quod
339 1126 368 1185 in
386 1146 422 1185 eo
436 1145 549 1205 genere
565 1124 727 1184 minimum
742 1137 798 1199 est,
813 1125 845 1184 id
860 1125 993 1184 maxime
1008 1126 1141 1205 probare

55 1206 58 1213 ⁴
138 1212 359 1283 10videantur.

225 1319 318 1381 XIV.
359 1321 408 1379 46.
451 1318 521 1399 Ego
545 1339 619 1378 vero
641 1329 768 1398 propter
789 1320 938 1379 sennonis
963 1319 1142 1379 delectatio

185 1438 258 1477 nem
277 1417 470 1496 tempestivis
495 1436 616 1496 quoque
642 1416 793 1476 conviviis
818 1417 964 1490 delector,
985 1419 1049 1476 nec'
1067 1436 1141 1475 cum

186 1514 363 1592 aequalibus
378 1514 487 1585 solum,
503 1512 556 1592 qui
570 1512 660 1591 pauci
675 1505 842 1572 admodum
857 1524 982 1587 restant,
997 1514 1054 1572 sed
1068 1532 1141 1573 cum

185 1620 288 1669 vestra
312 1609 404 1668 etiam
429 1618 531 1668 aetate
547 1620 640 1688 atque
655 1609 833 1683 vobiscum3
855 1610 1014 1689 habeoque
1037 1629 1141 1669 senec·

123 1702 176 1777 ‚15
187 1705 247 1764 tuti
261 1726 405 1784 magnam
423 1705 564 1785 gratiam,
589 1725 667 1783 quae
689 1706 764 1763 mihi
785 1706 934 1765 sermonis
957 1707 1140 1766 aviditatem

186 1802 281 1875 auxit,
294 1802 429 1881 potionis
451 1813 483 1861 et
504 1802 564 1861 eibi
586 1802 719 1861 sustulit.
763 1803 856 1874 Quod
881 1804 907 1863 si
932 1824 1023 1883 quem
1045 1803 1140 1862 etiam

185 1896 245 1958 ista
266 1898 432 1974 delectant,
453 1920 492 1959 ne
515 1899 641 1960 omnino
664 1900 780 1960 bellum
802 1901 950 1961 indixisse
966 1901 1072 1960 videar
1086 1919 1140 1961 vo-

186 1995 307 2073 luptati,
321 1997 407 2056 cuius
421 2007 468 2056 est
482 1997 612 2056 fortasse
628 1997 755 2076 quidam
776 2000 923 2058 naturalis
943 1998 1062 2072 modus,
1076 2018 1139 2058 non

186 2091 333 2172 intellego
355 2113 393 2152 ne
415 2094 446 2152 in
468 2094 534 2153 istis
560 2094 686 2173 quidem
709 2094 784 2173 ipsis
806 2097 1015 2175 voluptatibus
1037 2114 1138 2155 carere

136 2195 174 2256 20
185 2208 277 2248 sensu
298 2199 497 2250 senectutem.
539 2190 593 2250 Me
608 2212 683 2251 vero
700 2203 733 2251 et
747 2193 927 2272 magisteria
952 2195 1106 2254 delectant
1119 2211 1139 2253 a

184 2347 313 2406 cordingly
328 2350 443 2395 obtained
468 2350 519 2395 aud
536 2350 648 2396 escorted
707 2351 729 2396 9.
744 2351 913 2411 irreoyenere]
950 2353 994 2398 ‘In
1005 2354 1054 2398 this
1064 2352 1137 2399 kind’

183 2419 217 2475 by
239 2431 255 2464 a
278 2419 436 2476 magnificent
461 2421 601 2476 processioa
623 2427 649 2464 to
678 2419 1028 2479 orphanas-minimam]
1041 2417 1136 2466 ‘Olthe

183 2487 270 2535 Rome.
315 2489 377 2535 The·
390 2490 477 2546 yearly
498 2489 596 2534 festival
623 2490 648 2534 in
678 2486 990 2546 leastimportanre.'—i:l]
1031 2488 1095 2532 That
1108 2488 1156 2543 ia·

183 2557 228 2603 her
238 2559 315 2604 honor
326 2571 375 2604 was
386 2558 524 2604 celebrated
534 2559 594 2602 lrom
606 2559 649 2604 the
678 2555 720 2600 the
730 2556 813 2612 eating
826 2557 876 2601 und
886 2557 1010 2611 drinking.

183 2627 265 2673 fourth
278 2635 303 2674 to
311 2629 353 2674 the
364 2629 434 2674 ninth
443 2628 559 2684 oprril‚
569 2627 649 2672 culled
709 2623 743 2668 12.
760 2624 916 2682 tempestivis]
957 2624 1038 2670 These
1059 2624 1135 2669 which

183 2695 323 2754 Megalesia,
335 2710 363 2743 or
374 2698 528 2754 Megalenses
540 2697 612 2742 Ludi.
678 2693 757 2750 began
778 2694 861 2739 before
891 2695 934 2739 the
960 2694 1029 2738 rrsual
1054 2695 1136 2749 dining

213 2765 233 2810 l.
249 2765 357 2825 omnino]
391 2766 646 2822 Hereequiralcntto
678 2763 742 2807 bour
753 2763 778 2818 (3
789 2763 817 2808 P.
829 2764 876 2820 M.)
887 2764 937 2808 and
952 2776 1014 2808 were
1033 2765 1091 2820 kept
1104 2777 1134 2820 up

183 2834 417 2892 quidem‚‘indeod.’
674 2830 722 2875 late
748 2832 800 2877 into
825 2832 867 2876 the
887 2833 965 2888 night.
1011 2832 1133 2878 Translate

211 2901 233 2945 2.
250 2903 342 2962 omnia]
380 2903 404 2948 is
414 2915 437 2948 e.
455 2917 537 2949 omnes
548 2901 644 2964 firuidi
673 2900 739 2955 here,
751 2899 925 2957 ‘protracted'

183 2975 261 3015 motus
271 2971 358 3017 animi.
705 2971 739 3013 14.
755 2968 964 3028 vestra-aetate]
1006 2969 1136 3016 ‘Thoseof

211 3038 233 3082 4.
249 3039 404 3096 sermonibus]
433 3040 644 3084 ‘conversation’
677 3051 742 3094 your
750 3037 812 3094 age!

211 3105 234 3151 5.
249 3107 430 3167 accubitionem]
469 3108 522 3153 Tlrc
540 3109 645 3153 altitude
703 3107 739 3152 20.
755 3107 837 3167 aaran]
867 3108 883 3152 i.
909 3120 930 3153 e.
961 3108 1132 3164 ‘enjoyment'

99 3187 102 3192 ·
183 3175 282 3232 usually
298 3177 403 3231 adopted
423 3179 455 3232 by
471 3177 513 3221 the
532 3177 646 3220 Romans
674 3177 864 3235 -moqisteria]
911 3177 978 3222 ‘The
995 3184 1091 3222 custom
1107 3177 1135 3222 ol

182 3249 208 3288 ut
218 3245 280 3288 their
291 3244 376 3299 meuls,
393 3245 488 3290 instead
505 3245 534 3290 of
548 3257 595 3290 our
605 3247 646 3290 sit·
676 3245 769 3300 having
779 3246 915 3301 presidente
926 3250 951 3289 nt
963 3245 1054 3290 feasts!
1083 3245 1130 3292 The

182 3314 234 3367 ting
249 3320 355 3369 posture.
676 3318 767 3356 master
775 3313 804 3357 of
811 3313 851 3358 the
860 3314 948 3374 revela,
955 3314 1011 3358 who
1021 3327 1070 3358 was
1077 3326 1130 3369 gen·

211 3379 457 3439 dampnationem]
513 3380 542 3426 In
564 3380 647 3427 Greek
676 3380 854 3436 erallyehoseu
873 3383 1060 3438 byathrowol
1072 3383 1129 3440 dice,

183 3454 293 3504 συμπόσιον
298 3465 309 3504 ,·
326 3449 493 3494 commaticis
504 3454 608 3496 συσσίτια.
675 3451 804 3507 regulaled
820 3452 854 3496 ull
871 3452 913 3498 the
930 3453 1089 3512 proceedlngfl
1106 3453 1132 3500 of
