2492 3900
195 251 255 313 218
463 250 503 305 Μ.
526 250 652 307 TULLII
675 250 874 307 CICERONIS

195 436 240 503 ut,
255 447 316 508 qno
337 426 464 509 propius
485 428 677 515 admonear
699 430 855 506 accedam,
867 429 956 511 quasi
976 437 1091 494 terram
1105 433 1152 495 vi-

196 525 268 585 dere
284 525 391 585 videar
411 527 638 607 aliquandoque
659 527 693 587 in
713 541 839 609 portum
852 529 999 611 exlongo
1021 532 1152 612 naviga·

195 623 280 685 tione
296 643 362 683 esse
376 634 535 685 venturus.

235 720 310 781 XX.
332 721 379 781 72.
421 721 598 783 Senectutia
611 730 717 783 autem
737 722 841 783 nullus
862 731 912 784 est
930 733 1033 783 certus
1046 714 1152 783 termi-

148 825 168 885 5
196 838 263 892 nus,
277 827 421 898 recteque
435 819 467 878 in
481 830 518 879 ea
530 819 655 893 vivitur,
669 820 772 900 quoad
791 838 902 880 munus
916 820 1006 880 officii
1021 821 1150 901 exsequi

197 924 230 975 et
239 914 318 974 tueri
326 917 425 994 possis
435 926 628 997 mortemque
639 926 856 991 contemnere3
871 936 909 977 ex
920 937 981 996 quo
991 918 1036 991 lit,
1049 928 1084 978 ut
1095 938 1151 977 an·

196 1011 324 1072 imosior
334 1012 428 1073 etiam
438 1025 581 1074 senectus
595 1014 646 1087 sit,
660 1032 752 1093 quarn
767 1013 978 1073 adulescentia
988 1024 1021 1075 et
1030 1014 1150 1075 sortior.

197 1108 270 1171 Hoc
281 1110 357 1170 illud
371 1120 428 1186 est,
442 1111 524 1191 quod
537 1110 701 1171 Pisistrato
711 1121 844 1189 tyranno
858 1130 877 1170 a
891 1110 1005 1171 Solone
1025 1130 1151 1192 respon-

88 1272 91 1277 ,
197 1227 266 1268 snm
279 1217 337 1283 est,
350 1228 420 1269 cum
433 1208 478 1269 illi
492 1208 652 1288 quaerenti
664 1211 682 1245 “
692 1216 753 1287 qua
767 1208 891 1268 tandem
910 1228 966 1287 ape
980 1209 1076 1269 fretus
1089 1208 1151 1269 sibi

151 1308 188 1369 10
198 1316 264 1366 tam
277 1306 436 1367 audaciter
449 1303 637 1367 obsisteret”
650 1304 847 1384 respondisse
859 1304 1028 1383 diciturtf
1039 1304 1152 1366 Senec-

197 1402 291 1464 tute.'’
344 1402 406 1463 Sed
435 1402 560 1463 vivendi
588 1411 636 1462 est
662 1402 732 1462 finis
760 1402 906 1481 optimus,
929 1422 1000 1463 cum
1028 1402 1152 1483 integra

197 1510 302 1560 mente
323 1500 475 1580 certisque
489 1498 630 1559 sensibus
653 1519 731 1578 opus
746 1498 813 1577 ipsa
827 1518 919 1558 suum
932 1499 1052 1574 eadem,
1068 1518 1150 1580 quae
1182 1495 1187 1505 ⁸

198 1596 437 1675 coagmentavit,
450 1608 559 1655 natura
580 1595 730 1655 dissolvit.
771 1594 820 1657 Ut
833 1614 954 1670 navem,
967 1605 1004 1657 ut
1018 1596 1152 1657 aedilici-

113 1697 136 1783 ἰ
198 1712 250 1752 um
273 1692 357 1751 idem
381 1693 512 1753 destruit
535 1694 689 1767 facillime,
703 1692 756 1773 qui
776 1694 958 1767 construxit,
985 1694 1030 1755 sio
1053 1694 1153 1755 homi-

151 1806 188 1866 15
198 1809 269 1850 nem
280 1789 387 1849 eadem
397 1790 521 1869 optime,
536 1810 614 1870 quae
629 1791 864 1869 conglutinavit,
874 1801 986 1851 natura
999 1791 1151 1852 dissolvit.

197 1885 264 1946 Iam
280 1886 378 1947 omnis
393 1888 616 1967 conglutinatio
632 1908 738 1947 reeens
753 1906 852 1967 aegre,
866 1888 1039 1947 inveterata
1059 1887 1151 1948 facile

197 1984 364 2045 divellitur.
406 1984 456 2046 Ita
471 1985 514 2060 lit,
537 1996 573 2045 ut
596 1985 672 2045 illud
698 1985 791 2044 breve
813 1984 897 2044 vitae
917 1984 1069 2064 reliquum
1091 2003 1152 2046 nec

197 2081 288 2142 avide
309 2081 518 2161 adpetendum
539 2081 665 2143 senibus
686 2101 744 2142 neo
758 2082 825 2141 sine
839 2092 931 2140 causa
944 2081 1150 2141 deserendum

197 2179 246 2240 sit.
301 2180 349 2240 73.
369 2179 530 2259 Vetatque
553 2178 750 2258 Pythagoraa
772 2177 917 2262 “iniussu
945 2177 1151 2256 imperatoris,

148 2287 187 2348 20
197 2276 229 2338 id
254 2287 301 2337 est
324 2276 385 2350 dei,
408 2276 447 2336 de
471 2275 626 2356 praesidio
651 2284 686 2334 et
709 2274 845 2334 statione
866 2275 951 2335 vitae
971 2271 1151 2335 decedere.”

199 2372 319 2433 Solonis
342 2372 466 2452 quidem
487 2372 636 2452 sapientis
658 2372 795 2451 elogium
818 2382 875 2445 est,
898 2358 960 2451 quo
989 2390 1022 2432 se
1053 2381 1151 2452 negat

196 2471 276 2530 velle
298 2489 384 2529 snam
406 2479 538 2530 mortem
560 2468 666 2529 dolore
689 2468 858 2528 amicorum
878 2477 912 2528 et
931 2468 1076 2528 lamentis
1097 2487 1152 2528 va·

197 2587 274 2628 care.
332 2566 420 2641 Vult,
434 2567 535 2638 oredo,
550 2586 582 2626 se
597 2585 665 2626 esse
682 2585 788 2626 aarum
802 2565 867 2626 suis
875 2584 884 2641 ς
909 2566 965 2626 sed
977 2565 1061 2625 haud
1073 2565 1151 2641 scio,

197 2683 236 2724 an
251 2663 361 2726 melius
375 2663 495 2722 Ennius
506 2683 513 2722 :
524 2695 565 2710 -·

147 2793 186 2854 25
326 2795 411 2846 Nemo
423 2811 465 2845 me
477 2793 610 2846 ‹lacrumis
622 2794 738 2856 decoret,
750 2807 837 2859 neque
849 2795 944 2846 funera
954 2795 1021 2846 fletu

325 2877 414 2928 Faxit»

223 3005 246 3053 ὅ.
261 3006 361 3067 etaim]
399 3006 505 3067 Though
525 3006 605 3056 called
624 3023 656 3056 an
714 3008 752 3054 20.
766 3006 898 3068 ideatdea‘]
924 3007 1023 3054 Snieide
1038 3018 1090 3052 was
1103 3009 1151 3053 not

194 3075 346 3134 impersonal
362 3079 431 3134 verb,
448 3078 527 3135 really
544 3079 656 3124 ceruina
685 3078 815 3124 forbidden
825 3078 911 3135 hythe
922 3076 1022 3122 Roman
1036 3077 1093 3132 law,
1104 3089 1151 3122 ex-

195 3143 227 3189 lts
249 3155 307 3198 own
327 3144 440 3201 subject;
470 3144 486 3190 l.
506 3157 529 3191 e.
551 3144 610 3192 ‘lile
634 3144 655 3190 ls
685 3151 740 3206 cept
755 3147 781 3192 in
797 3146 892 3192 easeof
906 3146 1017 3201 soldiers,
1037 3159 1083 3191 nor
1097 3157 1150 3192 was

194 3211 300 3272 passed?
685 3216 705 3262 it
739 3215 965 3265 dlecountenanced
999 3217 1034 3274 by
1063 3216 1150 3274 public

223 3282 245 3327 (a
258 3280 348 3339 poesia]
386 3281 439 3328 The
455 3283 546 3329 second
566 3294 656 3341 person
685 3287 793 3344 opinion.

195 3349 216 3394 is
226 3349 285 3393 thus
295 3349 363 3393 otten
377 3349 446 3406 used,
457 3361 485 3394 as
501 3351 527 3396 in
541 3351 656 3409 English,
713 3354 750 3399 21.
764 3353 846 3414 aequ]
859 3353 914 3400 ‘He
923 3352 1043 3411 raysthat
1052 3353 1152 3400 hedoes

150 3453 153 3458 .
196 3418 225 3463 ot
236 3431 268 3462 an
278 3417 406 3463 indefinite
415 3419 518 3477 subJeet,
535 3420 613 3478 ‘one,'
627 3433 657 3467 or
683 3425 726 3466 act
735 3419 812 3466 wishl

198 3485 334 3544 ‘anyone'
713 3489 749 3539 id.
765 3488 899 3550 dammis]
924 3490 1020 3537 Anold
1033 3489 1150 3538 formror

226 3553 261 3600 12.
276 3555 512 3618 mane-mattas]
527 3556 656 3606 Ablativea
685 3558 802 3607 aalma

196 3625 315 3671 absolute.
713 3626 750 3675 tt.
766 3627 850 3689 Facit]
882 3627 1041 3688 Forsoeedt.
