2492 3900
304 259 520 319 munuum
544 266 668 318 naam
691 244 804 318 cnut
826 268 862 319 v.
996 267 1054 328 127

97 445 221 524 ingredi
235 445 345 524 coepit.
386 443 587 504 Erubuerunt
607 465 670 504 non
694 443 781 523 sequi
803 443 935 522 primum
955 443 1054 517 amici,

98 543 213 602 deinde
229 543 384 620 copiarum
400 542 502 614 duces,
517 542 557 600 ad
571 542 715 600 ultimum
728 541 860 626 milites:
874 541 1053 620 primusque

96 659 153 698 rex
182 638 309 698 dolabra
334 638 465 716 glaciem
492 639 683 726 perfringens
707 638 770 697 'iter
797 637 855 697 sibi
879 637 971 697 fecit:
993 623 1055 696 ‘ex-

97 737 236 814 emplum
256 735 337 814 regis
358 736 453 794 ceteri
473 734 586 793 imitati
608 745 689 794 sunt.
734 733 875 793 Tandem
895 753 1054 813 propemo-

97 834 175 892 dum
198 832 296 891 invias
318 832 412 890 silvas
436 831 552 890 emensi
577 831 704 889 humaui
726 830 826 890 cultus
841 850 908 889 rara
922 830 1053 909 vestigia
1083 834 1101 894 5

97 940 130 989 et
144 929 262 1008 passim
276 920 411 987 errantes
425 947 571 1005 pecorum
591 947 701 1006 greges
725 946 905 1005 repperere:
927 937 958 986 et
972 927 1053 986 inco-

96 1026 155 1098 lae,
171 1025 223 1104 qui
238 1024 351 1102 sparsis
364 1023 495 1102 tuguriis
510 1023 701 1096 habitabant,
716 1043 786 1082 cum
807 1044 839 1082 se
861 1023 988 1082 callibus
1009 1023 1053 1081 in-

96 1122 156 1180 viis
184 1131 289 1199 septos
314 1139 382 1180 esse
411 1120 621 1192 credidissent,
645 1130 679 1178 ut
700 1138 888 1196 conspexere
915 1119 1051 1178 hostium

98 1239 219 1296 agmen,
233 1216 412 1289 interiectis,
424 1215 479 1296 qui
493 1215 634 1275 comitari
653 1214 806 1294 fugientes
821 1235 883 1272 non
897 1225 1053 1293 poterant,

97 1315 206 1373 devios
221 1322 342 1372 montes
357 1323 389 1371 et
402 1312 525 1370 nivibus
539 1312 656 1382 obsitos
675 1309 861 1390 petiverunt.
905 1310 982 1368 Inde
999 1330 1053 1388 per
1063 1315 1100 1373 10

97 1410 262 1488 conloquia
276 1399 469 1488 captivorum
491 1408 650 1485 paullatim
665 1405 786 1466 feritate
801 1406 950 1485 mitigata,
963 1407 1054 1466 tradi-

97 1507 171 1566 dere
186 1527 219 1565 se
233 1506 307 1583 regi.
347 1505 417 1564 Nec
430 1504 461 1562 in
477 1504 599 1562 deditos
613 1503 739 1583 gravius
755 1504 938 1563 consultum.

136 1602 212 1662 XV.
233 1602 374 1662 Vastatis
393 1601 465 1659 iude
487 1601 567 1679 agris
581 1601 718 1660 Persidis
739 1601 873 1681 vicisque
893 1602 1053 1680 compluri-

96 1700 156 1759 bus
178 1700 310 1759 redactis
333 1699 364 1757 in
387 1707 585 1776 potestatem,
599 1707 727 1756 ventum
750 1698 849 1757 estin
872 1697 1052 1757 Mardorum

96 1807 223 1877 gentem
251 1797 428 1856 bellicosam
453 1805 485 1854 et
509 1795 641 1854 multum
667 1815 685 1854 a
710 1796 819 1855 ceteris
840 1796 944 1855 Persis
966 1797 1051 1854 cultu
1062 1810 1099 1868 15

96 1895 180 1955 vitae
208 1894 433 1953 abhorrentem.
484 1891 602 1970 Specus
628 1893 659 1951 in
685 1893 842 1953 montibus
867 1893 996 1966 fodiunt,
1018 1892 1050 1951 in

97 2012 176 2071 quos
199 2010 292 2069 seque
315 2010 351 2049 ac
375 1989 520 2068 coniuges
542 2000 574 2050 et
594 1990 707 2048 liberos
728 1990 866 2049 condunt
877 2010 892 2062 ι,
905 2009 1051 2067 pecorum

96 2098 151 2147 aut
171 2090 303 2147 ferarum
321 2107 411 2147 carne
425 2098 599 2145 vescuntur.
642 2086 692 2145 Ne
707 2086 827 2145 feminis
849 2088 972 2167 quidem
994 2107 1049 2165 pro

95 2194 223 2245 naturae
239 2184 347 2242 habitu
358 2182 498 2241 molliora
507 2182 632 2261 ingenia
643 2194 733 2242 sunt:
756 2204 860 2243 comae
872 2183 1049 2262 prominent

95 2283 204 2355 hirtae,
219 2280 315 2341 vestis
334 2300 426 2358 super
446 2299 549 2358 genua
563 2291 619 2353 est,
634 2281 730 2339 funda
743 2281 883 2340 vinciunt
897 2281 1029 2339 frontem
1041 2299 1048 2339 :
1059 2294 1098 2351 20

94 2380 156 2439 hoc
179 2389 212 2438 et
239 2388 456 2437 ornamentum
481 2377 590 2455 capitis
615 2386 648 2437 et
673 2377 768 2436 telum
794 2387 850 2437 est.
893 2377 953 2436 Sed
969 2377 1048 2435 hano

95 2495 217 2555 quoque
230 2475 454 2564 gentemqidem
468 2475 608 2534 fortunae
624 2474 758 2553 impetus
774 2473 902 2533 domuit.
937 2471 1048 2551 Itaque

93 2572 251 2633 tricesimo
280 2572 338 2645 die,
366 2582 528 2650 postquam
559 2589 578 2629 a
603 2570 762 2648 Persepoli
790 2569 945 2649 profectus
973 2576 1048 2641 erat,

94 2672 205 2731 eodem
232 2670 332 2730 rediit.
387 2668 479 2727 Dona
507 2666 620 2727 deinde
650 2666 755 2725 amicis
791 2664 960 2742 ceterisque
993 2683 1048 2742 pro

123 2831 145 2880 -7,
162 2845 216 2876 crem
226 2830 261 2889 aa]
302 2830 373 2885 They
384 2828 433 2873 had
448 2828 555 2884 thought
583 2831 610 2873 to
625 2828 666 2872 the
677 2825 789 2871 external
805 2823 946 2877 conditiou;
963 2822 1048 2868 berma-

93 2902 243 2947 themseives
259 2900 310 2945 sate
326 2901 422 2955 against
437 2909 488 2953 any
498 2909 554 2942 ene·
583 2898 648 2942 nitas
659 2900 685 2941 to
695 2896 736 2941 the
748 2894 825 2939 mind.

92 2982 147 3025 my,
173 2969 237 3014 from
268 2968 310 3013 the
342 2970 430 3011 nature
461 2964 489 3009 of
513 2965 555 3010 the
613 2964 648 3009 18.
661 2978 707 3021 pro
730 2967 833 3007 ismarae
852 2960 946 3019 babitu]
978 2960 1049 3006 Since

92 3039 200 3096 ground.
584 3040 671 3079 nature
696 3033 741 3077 has
767 3034 840 3088 given
865 3035 891 3075 to
917 3042 1015 3075 woman
1034 3042 1050 3075 a

124 3108 159 3151 li.
172 3122 218 3165 per
236 3104 373 3163 conloquia]
412 3103 556 3148 Alexander
572 3096 674 3147 'milder
686 3100 838 3157 disposition.

93 3182 148 3221 sent
168 3177 275 3231 captives
296 3180 321 3219 to
337 3176 406 3218 them
422 3178 449 3216 to
467 3172 555 3216 induce
614 3169 652 3213 20.
662 3168 749 3229 fiendo
770 3165 888 3225 vinciunt]
931 3159 1049 3212 Heliodo-

93 3246 162 3289 thern
173 3251 199 3289 to
209 3245 309 3288 submit.
585 3248 627 3281 rus
644 3236 765 3281 describes
780 3248 794 3279 a
810 3236 870 3280 tribe
893 3234 973 3279 which
996 3246 1049 3278 sur·

123 3313 159 3355 14.
180 3311 334 3369 Mardorum]
366 3311 389 3355 A
400 3310 462 3354 tribe
473 3307 556 3352 dweli·
585 3306 698 3350 rounded
716 3306 757 3349 the
774 3305 837 3349 head
849 3305 908 3348 with
919 3314 1019 3348 arrows.

92 3381 172 3437 inglu
184 3382 224 3425 the
241 3381 382 3425 mountains
399 3370 431 3423 ori
446 3379 487 3421 the
499 3388 555 3420 con·
614 3374 651 3418 22.
667 3371 978 3434 idemfor·tuuaeimpetus]
1000 3372 1016 3415 i.
1027 3382 1048 3416 e.

92 3449 155 3495 fines
165 3451 193 3495 of
206 3450 295 3495 Persis.
586 3444 668 3488 which
679 3442 903 3487 had=overthrown
920 3441 961 3484 the
979 3440 1050 3483 other

123 3519 157 3565 15.
174 3519 250 3578 cuda]
278 3519 331 3564 Has
339 3518 464 3564 reference
474 3513 558 3559 rather
585 3514 715 3569 provinces
726 3510 755 3555 ol
769 3511 811 3553 the
822 3509 923 3553 Persian
934 3508 1034 3561 empire.
