2492 3900
212 230 270 292 110
424 231 457 295 Q.
482 229 609 284 cuam
631 232 720 284 RUFI
742 233 793 284 Dr:
817 233 947 287 ossus

209 407 273 468 “Iu
288 428 350 489 qno
364 407 442 482 me,”
464 408 573 488 inquit,
594 409 864 470 “articulo'rerum
879 430 1015 470 mearum
1037 411 1160 474 fortuna

209 506 456 585 deprehenderit,
470 507 603 566 cernitis.
647 507 817 585 Strepitum
831 508 990 567 hostilium
1005 528 1160 570 armorum

208 602 355 661 exaudire
369 602 445 661 mihi
468 602 583 675 videor,
600 613 642 675 et,
665 603 716 680 qui
738 603 818 662 ultro
841 603 931 662 intuli
955 605 1077 678 bellum,
1097 606 1158 666 iam

208 713 367 776 provocor.
421 698 541 757 Dareus
568 717 652 775 erge,
680 717 750 756 curn
774 708 838 757 tarn
867 685 1013 777 superbas
1040 701 1157 762 litteras

180 792 363 866 5soriberet,
383 793 538 853 fortunam
562 813 664 852 meam
686 793 719 854 iu
739 795 865 855 oonsilio
887 797 1011 857 habuit:
1032 800 1086 858 sed
1108 821 1157 858 ne·

208 889 364 967 quiquam,
387 890 412 950 si
437 890 512 949 mihi
526 892 652 952 arbitrio
671 913 739 952 rueo
760 893 858 951 curari
879 894 959 954 licet.
1001 894 1101 955 Lenta
1115 917 1157 955 re-

207 985 311 1043 media
324 996 356 1045 et
370 1006 480 1065 segnes
494 988 631 1048 medicos
645 1009 707 1049 nou
722 1000 903 1068 exspectant
917 1000 1056 1069 tempora
1070 1012 1155 1051 mea:

207 1081 258 1139 vel
272 1082 348 1140 mori
362 1094 487 1142 strenue
501 1103 594 1163 quam
615 1085 715 1144 tarde.
726 1087 939 1146 convalescere
960 1087 1034 1146 mihi
1049 1089 1156 1148 melius

207 1187 265 1238 est
305 1177 450 1254 Proinde,
463 1181 489 1240 si
504 1181 578 1259 quid
593 1183 668 1260 opis,
682 1182 708 1242 si
724 1183 797 1264 quid
819 1184 891 1243 artis
905 1184 936 1242 iu
952 1183 1078 1244 medicis
1100 1193 1156 1258 est,

159 1278 197 1340 10
207 1276 315 1348 sciant,
329 1296 378 1336 me
393 1297 456 1337 non
470 1288 533 1337 tam
548 1279 668 1353 mortis,
683 1300 774 1360 quam
790 1281 862 1340 belli
882 1280 1052 1340 remedium
1067 1299 1157 1361 quae·

205 1371 299 1432 rere.''

246 1470 287 1530 V.
308 1470 473 1550 Ingentem
487 1471 629 1532 omnibus
639 1473 808 1534 incusserat
819 1493 923 1534 euram
934 1483 997 1533 tam
1013 1493 1156 1553 praeceps

205 1567 363 1629 temeritas
385 1568 458 1629 eius.
499 1568 585 1648 Ergo
606 1590 662 1648 pro
685 1590 717 1629 se
740 1570 868 1648 quisque
889 1571 1004 1658 preoari
1019 1590 1156 1650 coepere,

205 1685 245 1725 ne
267 1665 464 1726 festinatione
488 1666 657 1744 perieulum
682 1675 817 1745 augeret,
845 1667 899 1726 sed
920 1678 1001 1727 esset
1025 1668 1056 1726 in
1074 1659 1157 1747 pote

158 1770 196 1831 15
206 1772 287 1822 state
301 1764 509 1823 medentium:
530 1763 691 1842 inexperta
711 1763 847 1822 remedia
865 1763 945 1822 haud
961 1764 1071 1825 iniuria
1083 1764 1157 1843 ipsis

206 1880 273 1920 esse
287 1869 437 1939 suspecta,
451 1880 521 1920 oum
535 1860 575 1919 ad
590 1859 756 1939 perniciem
778 1858 843 1918 eius
864 1859 957 1918 etiam
972 1880 990 1920 a
1004 1861 1098 1921 latere
1113 1860 1157 1939 ip·

204 1958 268 2018 sius
288 1958 418 2037 pecunia
438 1958 616 2017 sollicitaret
638 1958 746 2017 hostis.
789 1957 911 2036 Quippe
933 1957 1052 2019 Dareus
1074 1958 1157 2019 mille

205 2056 324 2115 talenta
344 2054 534 2115 interfectori
555 2054 729 2113 Alexandri
748 2054 892 2113 daturum
913 2073 947 2114 se
966 2054 1157 2133 pronuntiari

204 2149 343 2213 iusserat
385 2152 495 2232 Itaque
515 2172 554 2212 ne
575 2172 721 2212 ausurum
736 2151 860 2230 quidem
883 2171 1068 2231 quemquam
1083 2152 1158 2212 arbi-

156 2255 196 2315 20
206 2248 370 2309 trabantur
384 2238 515 2328 experiri
529 2248 709 2322 remedium,
737 2248 819 2327 quod
842 2258 966 2327 propter
986 2248 1157 2311 novitatem

205 2356 312 2425 posset
324 2365 392 2406 esse
406 2356 593 2425 suspectum.

246 2441 304 2502 VI.
325 2441 402 2501 Erat
416 2442 496 2502 inter
509 2443 628 2503 nobiles
642 2441 779 2501 medicos
794 2461 832 2501 ex
846 2441 1031 2502 Macedonia
1052 2462 1156 2522 regem

206 2551 328 2600 secutus
355 2539 527 2619 Philippus,
551 2539 677 2599 natione
700 2539 853 2612 Acarnan,
880 2538 960 2597 fidus
989 2539 1156 2599 admodum

235 2699 256 2744 1.
271 2699 384 2758 micaelo]
410 2699 524 2745 ‘Criticni
531 2698 665 2755 juncture!
694 2698 788 2753 henlth,
806 2698 851 2742 but
861 2696 913 2742 also
924 2697 953 2742 of
965 2697 1006 2741 the
1018 2696 1155 2743 successful

233 2768 255 2814 2.
271 2769 461 2829 deprehenderit]
501 2768 665 2826 ‘Surprised,'
696 2771 869 2815 manauemeut
878 2765 908 2811 os
915 2766 956 2810 the
967 2778 1025 2812 war.

204 2848 232 2882 as
248 2849 279 2881 an
297 2850 386 2895 enemy
404 2840 458 2885 falls
477 2850 545 2895 upon
564 2839 602 2884 iris
621 2837 664 2883 ad·
725 2834 760 2879 12.
776 2833 870 2892 caram]
903 2833 1045 2889 ‘Anxiety.'

205 2918 307 2963 versary
320 2920 455 2953 unnwares.
724 2904 759 2948 13.
775 2903 882 2963 quisque]
896 2904 963 2948 With
973 2904 1076 2959 aplural
1086 2904 1153 2960 verb,

233 2975 256 3019 4.
270 2977 383 3033 arpertus
403 2977 508 3036 litteras]
564 2977 665 3022 Curtius
694 2976 835 3029 expressive
846 2972 875 3017 of
887 2973 1022 3018 individual
1037 2974 1124 3018 action.

203 3044 323 3099 probably
334 3056 395 3100 gare
406 3057 436 3089 sn
448 3048 551 3090 account
559 3046 588 3089 of
595 3046 664 3089 these
724 3042 758 3086 14.
773 3042 1011 3102 sed-medentium]
1046 3042 1155 3088 ‘Shonld

204 3112 287 3157 letters
308 3114 332 3157 in
352 3114 406 3158 that
426 3121 481 3169 part
497 3114 527 3159 of
541 3115 580 3159 his
595 3114 664 3159 work
694 3112 795 3156 commit
815 3110 918 3156 himself
934 3116 960 3155 to
975 3112 1016 3157 the
1035 3123 1089 3157 oure
1104 3110 1155 3157 aud

203 3181 285 3226 which
296 3182 341 3225 has
351 3182 473 3237 perished.
694 3180 751 3224 skill
772 3180 802 3224 os
815 3181 856 3225 the
873 3182 1022 3236 physicians.
1033 3180 1039 3201 '

232 3250 254 3295 ὀ.
263 3249 532 3311 fortunent-lrabeat]
552 3251 628 3295 ‘Was
639 3251 665 3296 in
725 3249 759 3293 15.
775 3248 842 3293 haud
852 3250 954 3307 iatiuridl
987 3250 1101 3306 'Jusrly.’

204 3320 368 3365 consultatiou
380 3320 437 3363 with
455 3320 495 3364 the
510 3321 597 3375 genius
608 3333 665 3365 con·
725 3319 759 3362 16.
775 3333 791 3362 a
802 3318 885 3377 latere]
919 3319 935 3363 i.
953 3330 974 3363 e.
994 3319 1032 3363 his
1053 3319 1154 3376 friends,

203 3388 305 3441 trolliug
314 3399 358 3442 my
369 3386 484 3431 fortune?
694 3388 861 3443 companions,
872 3389 921 3433 and
933 3388 1080 3434 attendants.
1115 3389 1154 3435 Cf.
1243 3390 1244 3441 i

234 3455 269 3499 10.
284 3453 427 3512 ronredium]
449 3453 536 3498 Refers
551 3457 594 3498 not
604 3454 664 3509 only
693 3455 779 3499 osenia
787 3456 859 3502 lutere
865 3472 995 3517 numqaum
1002 3457 1153 3517 (incederem,

203 3527 230 3571 to
248 3523 292 3569 tha
316 3532 401 3569 means
419 3521 449 3567 of
469 3521 615 3568 restoration
639 3526 665 3567 to
695 3522 788 3579 cicero,
800 3524 837 3570 De
848 3527 971 3585 Amicitia,
979 3528 996 3573 i.
1007 3528 1028 3574 1.
