2492 3900
254 241 349 295 CATO
372 241 501 303 MAIOR,
524 242 609 294 SIVE
632 242 685 294 Du
707 241 935 296 suanorum
1009 242 1068 305 211

114 418 213 501 igitar
224 419 283 481 sibi
297 438 391 494 arma,
413 418 471 480 sibi
490 440 595 500 equos,
608 419 667 480 sibi
685 421 800 496 hastas,
818 420 877 481 sibi
897 420 1016 481 claram
1036 427 1071 482 et

114 516 219 597 pilam,
233 516 292 576 sibi
315 517 491 577 natationes
512 528 605 597 atque
629 536 758 593 eumus3
777 518 867 578 nobis
887 518 1012 579 senibus
1029 536 1069 577 ex

115 613 286 673 lusionibus
301 613 407 672 multis
419 615 499 673 talos
512 614 688 693 relinquant
702 624 734 673 et
748 620 877 673 tesseras
889 635 898 689 3
916 613 955 673 id
969 616 1071 693 ipsum

115 720 222 770 utrum
245 710 363 783 libebit,
388 710 545 789 quoniamx
560 710 626 770 sine
652 711 696 770 eis
719 711 809 771 beata
832 732 898 771 esse
925 722 1068 771 senectus

116 814 231 887 potest.
1097 801 1117 861 b

157 902 267 964 XVII.
290 903 337 963 59.
379 902 497 963 Multas
526 904 566 963 ad
597 925 647 965 res
678 907 825 985 perutiles
850 904 1070 985 Xenophontis

116 999 188 1060 libri
222 1009 304 1074 sunt,
335 1019 413 1079 quos
441 999 545 1079 legite,
573 1021 696 1081 quaese,
723 1002 871 1075 studiose,
898 1011 935 1062 ut
960 1001 1071 1061 facitis.

118 1096 221 1169 Quam
242 1097 367 1176 copiose
381 1096 422 1157 ab
435 1117 473 1156 eo
497 1097 563 1177 agri
585 1099 708 1159 cultura
727 1098 872 1157 laudatur
883 1097 916 1157 in
931 1117 969 1157 eo
982 1098 1071 1173 libro,

116 1192 171 1273 qui
194 1204 242 1255 est
266 1194 305 1255 de
329 1195 446 1257 tuenda
468 1214 502 1257 rc
525 1198 677 1272 familiari,
697 1197 750 1277 qui
774 1196 1000 1257 Oeconomicus
1024 1193 1072 1253 in·

115 1289 278 1351 scribitur!
319 1290 427 1368 Atque
452 1299 488 1349 ut
508 1289 698 1369 intellegatis
725 1289 803 1349 nihil
826 1289 940 1351 eitam
966 1291 1119 1370 regalem

115 1385 217 1447 rideri
232 1405 325 1465 quam
345 1386 484 1445 studium
504 1385 571 1465 agri
591 1386 722 1460 colendi,
737 1387 881 1447 Scerutes
893 1386 926 1447 in
939 1406 978 1447 eo
990 1388 1072 1448 libro

116 1482 256 1562 loquitur
282 1501 353 1542 cnm
378 1482 548 1557 Critobulo,
572 1482 691 1562 Cyrum
716 1483 878 1560 minorem,
904 1484 1072 1545 Persarum

116 1598 223 1658 regern
243 1589 453 1659 praestantem
473 1578 599 1659 ingenio
620 1590 714 1660 atque
738 1582 848 1662 inperii
871 1583 978 1661 gloria,
998 1598 1072 1643 cum

116 1669 279 1749 Lysander
292 1670 565 1744 Lacedaemonius,
578 1670 627 1729 vir
636 1692 776 1732 summae
790 1673 921 1747 virtutis,
935 1673 1071 1733 venisset

117 1766 158 1827 ad
172 1786 243 1827 eum
265 1766 371 1827 Sardis
387 1766 477 1846 eique
492 1767 574 1827 dona
588 1788 607 1827 a
628 1769 720 1829 sociis
735 1771 899 1846 attulisset,
912 1781 945 1831 et
958 1770 1070 1831 ceteris
1079 1776 1118 1843 15

116 1863 149 1923 in
163 1864 255 1923 rebus
270 1883 390 1923 comem
401 1858 475 1944 erga
485 1862 684 1942 Lysandrum
694 1878 787 1947 atque
797 1867 967 1927 humanum
977 1868 1072 1927 sumne

117 1961 193 2022 etei
208 1961 363 2040 quendam
389 1972 592 2040 consaeptum
613 1983 723 2042 agrum
737 1965 904 2044 diligenter
917 1966 1073 2026 consitum

116 2057 299 2120 ostendisse.
342 2057 422 2117 Cum
442 2067 546 2118 autem
562 2057 767 2120 admiraretur
784 2060 946 2140 Lysander
959 2071 993 2122 et
1004 2081 1073 2142 pro

116 2154 262 2217 ueritates
275 2153 419 2214 arborum
433 2163 466 2214 et
480 2154 616 2215 directos
630 2155 663 2215 in
676 2156 881 2237 quincuncem
901 2156 1025 2220 ordines
1039 2168 1074 2220 et

146 2313 168 2360 l.
184 2311 289 2374 elutum]
329 2310 390 2359 tuta
407 2313 485 2360 refers
502 2316 529 2359 tc
547 2325 581 2359 an
640 2315 675 2362 13.
690 2317 779 2376 regem]
796 2317 1072 2377 nottingtutprrnee.

116 2381 449 2441 exercneorngnungwnn
466 2393 482 2428 a
500 2379 582 2428 swerd
611 2381 652 2430 He
676 2384 736 2431 held
761 2397 777 2431 a
800 2394 900 2445 sanapy
925 2387 1005 2433 ander
1033 2387 1074 2433 his

116 2452 214 2509 against
223 2464 240 2497 s
249 2456 304 2509 post
319 2450 387 2496 flxed
399 2451 423 2495 in
434 2451 477 2497 the
484 2450 583 2507 ground
612 2455 722 2511 brother,
734 2455 897 2502 Artaxerxes.

117 2520 169 2566 and
184 2522 245 2566 used
259 2525 286 2567 to
302 2526 428 2577 represent
441 2533 472 2564 an
483 2532 582 2577 enemy.
642 2524 677 2569 15.
694 2523 791 2582 Sardis]
837 2526 942 2571 Archaio
963 2526 1027 2572 form
1046 2527 1078 2573 cf

147 2591 169 2636 3.
184 2589 310 2635 taliis-et
325 2588 436 2648 asamar]
468 2589 521 2636 The
537 2595 582 2636 tea·
612 2595 655 2640 the
670 2594 822 2647 acensadw
837 2594 896 2640 herc
912 2597 974 2641 used
987 2609 1015 2641 us
1030 2598 1074 2644 the

117 2671 185 2706 mne
196 2660 244 2704 had
262 2661 301 2704 six
318 2660 392 2714 sides,
409 2660 512 2706 marked
524 2661 544 2714 l,
560 2660 582 2713 2,
613 2665 678 2709 limis
692 2663 722 2709 cf
734 2664 826 2708 motion
846 2664 910 2710 aner
928 2665 1074 2711 venisset·-

120 2728 142 2784 3,
153 2734 208 2783 eie„
220 2728 269 2774 like
280 2741 326 2772 our
336 2728 406 2782 dice;
422 2728 464 2774 the
474 2727 520 2773 tall
534 2728 584 2774 llud
612 2733 721 2793 anoctis]
753 2733 879 2789 Cyrus,ln
894 2735 937 2779 tho
953 2735 1073 2793 Pelopon.

120 2795 177 2842 four
193 2796 266 2850 sides,
286 2794 439 2852 lengubwise,
459 2796 502 2842 the
521 2797 583 2843 ends
612 2804 697 2848 nestun
717 2815 776 2857 war,
796 2802 846 2848 had
863 2802 914 2848 lent
935 2802 974 2848 his
991 2804 1032 2850 aid
1046 2808 1073 2851 tc

119 2872 164 2910 act
180 2866 252 2921 being
269 2865 397 2922 regarded.
427 2865 480 2912 The
497 2866 583 2912 lowest
612 2871 701 2929 sparta
709 2871 805 2928 monast
815 2871 919 2917 Athens.

120 2933 355 2991 thrcw(anto),the
370 2947 421 2991 aco,
437 2946 489 2980 was
503 2935 583 2982 called
643 2942 677 2986 19.
692 2941 720 2986 in
740 2940 906 3001 mammem]
947 2940 1007 2987 This
1021 2953 1086 2988 was·

119 3001 207 3056 ccam
231 3003 274 3048 the
294 3001 393 3059 highest
418 3002 506 3060 (mle)
532 3015 583 3048 wat
613 3011 674 3056 such
689 3022 722 3056 an
736 3019 908 3069 arrangement
925 3008 954 3057 ot
968 3011 1073 3058 individ-

120 3069 200 3116 aileu
210 3071 304 3125 Veners
319 3069 361 3116 the
370 3069 583 3132 cirenensem
612 3079 655 3125 nal
665 3080 764 3136 objecta,
776 3079 830 3125 that
839 3080 882 3125 thc
892 3079 1073 3127 lineseonneet

120 3139 165 3185 isa.
175 3139 241 3184 -id
255 3139 345 3199 imm]
392 3141 541 3188 Accusative
557 3141 587 3188 of
613 3149 656 3206 ing
665 3149 734 3194 them
744 3145 838 3206 always
847 3161 911 3205 gave
920 3146 1038 3196 thelorm
1047 3146 1077 3196 cf

121 3207 293 3265 speciflartrcn.
613 3217 639 3266 V
650 3218 773 3278 (φάψ)
784 3219 843 3263 thus
851 3232 893 3264 :-

148 3277 170 3321 4.
186 3277 584 3336 utrum1l'orutrumeumqrre,the

121 3344 200 3401 object
210 3346 239 3390 cf
251 3345 336 3394 dudm
349 3347 508 3392 understood.
539 3347 585 3392 ‘In
685 3333 702 3366 ⁴
759 3333 776 3366 ⁴
834 3334 851 3367 ⁴
907 3334 923 3367 ⁹
980 3336 997 3369 ’

120 3415 299 3469 regardtctbis
309 3421 361 3462 sort
371 3417 541 3473 ofpleaaures,
552 3416 586 3460 let
717 3436 733 3469 ι
793 3436 809 3469 0
866 3435 881 3469 ι
938 3437 954 3470 .

120 3484 164 3528 the
173 3497 259 3542 young
268 3486 332 3531 have
342 3486 510 3530 whlehsoever
523 3483 587 3530 kind
689 3511 695 3518 ·

121 3553 151 3600 cf
162 3565 247 3613 gemes
257 3554 322 3602 shall
332 3555 476 3614 bestplease
485 3552 572 3600 them?
686 3540 703 3573 ⁴
761 3540 777 3573 ⁹
834 3540 850 3573 ⁹
908 3541 924 3574 ⁹
982 3543 1000 3576 ⁹
