2492 3900
175 198 234 262 148
376 202 411 268 Q„
434 203 562 258 curun
584 205 673 259 num
695 206 747 258 DE
770 205 901 260 ursum

172 375 218 438 ois
231 377 331 439 aureis
351 377 493 459 pellicum
512 381 624 462 longus
646 381 722 444 ordo
736 382 893 464 sequiturz
914 391 1124 464 separaturus

172 473 296 553 reginae
312 476 421 535 ordina
435 497 545 554 agmen
568 488 617 538 est
634 489 807 559 aequatque
821 480 983 540 luxuriam.
1024 481 1125 543 Femi-

173 589 231 630 nae
259 570 363 650 epulas
390 583 510 651 parant.
564 575 617 634 Ab
652 575 761 636 iisdem
791 577 896 637 viuum
924 577 1123 652 ministratur,

173 668 260 728 cuius
286 669 429 729 omnibus
456 667 544 730 Indis
568 670 671 749 largus
692 683 739 732 est
760 691 843 732 usus.
892 673 1012 752 Regem
1037 693 1123 734 mero

145 776 343 845 §somnoque
366 765 501 844 sopitum
519 766 551 826 in
573 767 746 826 cubiculum
766 769 891 848 pellices
911 770 1056 844 referunt,
1070 787 1123 850 pa·

173 863 232 923 trio
247 862 381 922 carmine
396 863 533 922 noctium
548 863 729 923 invocantes
743 864 827 925 deos.

211 956 339 1018 XXIII.
380 957 459 1029 Quis
481 957 596 1031 credat,
619 958 701 1018 inter
722 958 798 1018 haec
823 958 899 1019 vitia
922 979 1028 1020 curam
1055 979 1122 1021 esse

172 1054 366 1134 sapientiae?
416 1053 525 1116 Unum
550 1064 671 1135 agreste
699 1064 732 1115 et
760 1055 918 1116 horridum
945 1077 1044 1135 genus
1064 1065 1123 1132 est,

172 1149 255 1229 quod
270 1149 425 1230 sapientes
439 1157 561 1228 uocant
602 1149 698 1229 Apud
719 1149 776 1210 hos
798 1169 948 1230 occupare
968 1151 1024 1212 sati
1038 1151 1122 1212 diem

123 1255 161 1318 10
171 1247 342 1326 pulchrum,
356 1256 388 1308 et
399 1246 488 1306 vivos
503 1266 537 1306 se
551 1247 678 1307 cremari
693 1246 808 1322 iubent,
824 1248 935 1327 quibus
950 1257 1004 1309 aut
1018 1247 1121 1328 segnis

170 1357 254 1404 aetas
279 1354 334 1405 aut
356 1343 552 1404 incommoda
572 1343 719 1405 valetudo
732 1354 798 1405 est:
820 1354 1031 1424 exspectatam
1045 1365 1123 1406 rnor-

170 1449 233 1502 tem
248 1460 304 1520 pro
318 1441 469 1502 dedecore
483 1440 567 1501 vitae
587 1441 710 1501 habent
750 1441 819 1501 Nec
833 1441 913 1502 ullus
935 1441 1122 1521 corporibus,

171 1558 249 1618 quae
269 1548 411 1599 senectus
424 1537 526 1612 solvit,
541 1538 638 1597 honos
660 1538 817 1598 redditur:
838 1537 991 1618 inquinari
1009 1546 1122 1618 putant

170 1633 283 1713 iguem,
297 1634 356 1694 uisi
377 1635 429 1713 qui
450 1634 600 1714 spirantes
624 1633 744 1714 recipit.
784 1632 843 1709 Illi,
865 1634 969 1714 quiin
992 1635 1119 1697 urbibus

122 1749 160 1809 15
171 1731 299 1810 publicis
314 1731 448 1792 moribus
463 1732 589 1811 degunt,
604 1731 737 1792 siderum
761 1741 865 1792 motus
886 1731 963 1792 scite
978 1741 1119 1812 spectare

170 1825 316 1886 dicuntur
329 1835 361 1886 et
374 1826 476 1886 futura
497 1826 682 1906 praedicere.
722 1825 791 1885 Neo
812 1845 998 1906 quemquam
1017 1826 1121 1887 admo·

169 1943 241 1984 vere
256 1923 310 1984 leti
331 1923 414 1984 diem
434 1923 572 1999 eredunt,
586 1923 637 1984 oui
657 1931 836 2002 exspectare
858 1921 1000 1985 interrito
1019 1923 1120 1987 liceat.

169 2020 255 2082 Deos
269 2030 389 2101 putant,
404 2021 549 2102 quicquid
570 2021 670 2081 colere
691 2030 869 2099 coeperunt,
883 2020 1007 2081 arbores
1026 2019 1120 2081 maxi·

169 2136 227 2193 me,
242 2138 319 2198 quas
333 2119 447 2179 violare
462 2118 576 2199 capital
595 2128 653 2178 est
693 2117 819 2178 Menses
840 2118 872 2177 in
894 2117 1003 2197 quinos
1023 2116 1121 2179 denua

120 2232 161 2293 20
170 2213 399 2295 descripserunt
414 2215 489 2290 dies,
503 2214 576 2275 anni
590 2215 682 2295 plena
696 2214 796 2293 spatia
810 2222 983 2275 servantur.
1011 2212 1119 2275 Lunae

169 2332 257 2372 cursu
282 2321 394 2373 notant
417 2321 565 2391 tempora,
589 2331 662 2385 uon,
689 2320 725 2371 ut
748 2310 895 2391 plerique,
917 2330 987 2370 oum
1012 2310 1119 2371 orbem

45 2088 63 2125 h

196 2472 217 2517 1.
231 2471 394 2533 bwuaordo]
426 2472 464 2516 ‘A
473 2471 627 2529 largeuaiu:
684 2470 706 2515 9.
721 2468 850 2529 supienter]
863 2468 1002 2524 Brahmlns,
1012 2469 1119 2515 ouesect

193 2542 208 2587 2
231 2540 327 2603 cymen]
358 2541 411 2587 The
425 2540 559 2587 retinueol
570 2554 627 2586 cou-
656 2536 686 2585 ol
699 2538 780 2583 whom
797 2538 862 2583 lived
881 2538 905 2582 lu
923 2537 965 2582 the
985 2549 1048 2599 open
1072 2536 1117 2583 alr.

165 2611 368 2668 cuhiuesiskept
379 2614 489 2667 separate
501 2610 562 2655 from
573 2610 628 2653 that
655 2622 807 2665 -occupare
820 2606 876 2668 saei
900 2606 974 2665 diem]
1015 2606 1067 2653 ‘To
1075 2618 1118 2652 au-

165 2679 195 2725 of
210 2679 252 2726 the
277 2690 357 2736 queen
372 2677 492 2735 although
508 2677 527 2721 lt
540 2676 627 2733 equals
656 2678 753 2734 tieipate
763 2676 805 2723 the
816 2677 865 2733 day
876 2676 905 2722 ol
914 2676 981 2721 one's
992 2675 1087 2721 death!

164 2747 218 2793 uin
229 2748 352 2803 splendor.
686 2746 721 2791 10.
737 2745 904 2805 aequiramus]
937 2744 1074 2802 ⁸01uage.’

193 2817 216 2860 4.
232 2815 435 2876 lurqmertueua]
480 2814 558 2860 Other
571 2813 624 2858 wri-
685 2819 720 2864 14.
736 2817 787 2878 ilo]
833 2817 886 2863 The
906 2816 978 2863 other
1002 2822 1066 2862 secte
1091 2816 1120 2863 ol

164 2890 215 2930 ters
225 2885 364 2931 assertthat
373 2886 413 2931 the
421 2885 624 2931 Indiunaausnin
653 2887 834 2945 philosophum,
852 2887 916 2941 who,
934 2885 1041 2931 devoted
1059 2890 1117 2931 ton
1195 2902 1199 2911 =

164 2953 229 3011 from
240 2956 309 3000 wine.
655 2968 724 3001 more
754 2954 838 3001 liberal
871 2954 977 3010 culture,
1007 2954 1057 3000 live
1090 2954 1117 2999 lu

192 3024 215 3068 6.
231 3022 447 3083 noctium-deos]
478 3023 545 3069 Who
562 3023 624 3069 have
656 3025 732 3071 citlee.

164 3104 219 3140 care
230 3094 259 3138 of
266 3093 367 3138 mortals
378 3094 403 3138 in
419 3094 460 3137 the
469 3092 552 3149 night.
684 3094 719 3142 ll.
735 3090 858 3151 irriuriio]
878 3090 943 3137 Both
953 3096 1017 3137 secta
1026 3090 1117 3141 looked

192 3161 214 3211 7.
229 3161 293 3207 inter
307 3160 367 3208 haec
384 3160 456 3221 uitia]
504 3161 623 3207 ‘Iueuch
654 3175 721 3221 upon
732 3163 774 3208 the
785 3162 1058 3207 suicideasaeowerd.

163 3229 274 3287 luxury!
683 3230 718 3276 18.
736 3230 810 3289 Deos]
841 3229 912 3287 They
928 3230 1001 3275 think
1015 3224 1116 3275 thatun

191 3300 213 3345 8.
228 3304 321 3359 aqreaie
337 3303 360 3345 et
376 3298 514 3358 horridum]
560 3298 576 3343 l.
600 3310 621 3345 e.
653 3298 734 3355 object
761 3309 823 3345 once
847 3298 1004 3356 worshipped
1028 3298 1050 3343 iu
1073 3308 1116 3343 en·

162 3370 244 3415 which
258 3370 301 3415 did
312 3373 355 3414 not
365 3367 466 3425 indulge
477 3370 502 3413 in
512 3368 554 3413 the
565 3367 622 3413 lux·
652 3369 740 3414 dowed
755 3368 815 3413 with
829 3380 845 3413 a
859 3367 943 3413 divise
962 3379 1052 3424 power.
1081 3368 1117 3413 nt

161 3450 209 3495 ury
220 3439 270 3484 aud
277 3438 423 3493 effeminacy
433 3437 514 3481 which
525 3435 623 3482 charac-
652 3438 695 3483 the
702 3441 800 3494 present
807 3436 866 3493 day,
874 3436 987 3492 inludia,
995 3435 1117 3493 apunteu

161 3505 507 3554 terlaedtheothcriudinus.
656 3504 1050 3564 stonehworshIppedasagod.
