2492 3900
168 270 226 333 250
430 270 467 320 M.
492 270 617 322 TULLII
643 268 839 323 CICERONIS

167 452 258 505 certe.
299 443 416 505 Studiis
430 443 512 504 enim
531 464 724 525 generorum,
737 442 917 524 praesertim
932 441 965 503 in
978 463 1011 503 re
1024 443 1114 519 bona,

166 560 234 599 curn
250 540 371 600 difficile
386 551 433 601 est
446 552 514 601 tum
528 562 566 601 ne
582 562 713 621 aequum
729 541 854 621 quidem
876 540 1033 601 obsistere.

207 636 390 715 Saepissime
414 638 508 717 igitur
523 639 597 698 mihi
612 639 651 698 de
667 639 801 699 amicitia
814 638 965 718 cogitanti
981 638 1114 698 maxime
1203 696 1207 703 .

165 731 240 791 illud
267 734 522 794 considerandum
538 736 637 795 videri
651 736 738 809 solet,
753 748 855 796 utrum
880 746 1005 815 propter
1028 737 1115 795 iubes

138 828 325 889 beillitatem
341 841 432 911 atque
447 832 581 911 inopiam
591 832 766 894 desiderata
780 834 821 893 sit
836 833 978 907 amicitia,
993 843 1028 893 ut
1042 833 1115 891 dan·

167 927 214 985 dis
234 928 475 1008 recipiendisque
496 930 620 1005 meritis,
642 931 724 1010 quod
746 930 874 1010 quisquc
896 930 997 989 minus
1012 948 1113 1008 perse

166 1024 232 1103 ipse
246 1036 358 1104 posset,
370 1026 399 1085 id
413 1028 565 1107 acciperet
577 1028 615 1087 ab
628 1030 687 1088 alio
700 1028 893 1107 vicissimque
909 1028 1112 1099 redductan

167 1130 247 1179 esset
261 1121 320 1181 hoc
334 1120 457 1200 quidem
480 1124 638 1201 proprium
660 1122 821 1196 amicitiae,
836 1122 890 1181 sed
907 1122 1061 1200 antiquior
1081 1131 1114 1181 ct

166 1217 320 1295 pulchrior·
341 1229 372 1279 et
393 1218 491 1299 magis
513 1239 531 1278 a
554 1231 664 1279 natura
684 1219 751 1299 ipsa
774 1218 910 1297 profecta
932 1219 992 1277 alia
1014 1237 1115 1278 causa.

119 1321 157 1380 10
169 1314 266 1374 Amor
295 1315 384 1389 enim,
407 1336 444 1375 ex
467 1336 528 1395 quo
550 1316 685 1377 amicitia
712 1316 871 1375 nominata
891 1325 949 1389 est,
973 1316 1115 1394 princeps

168 1411 271 1471 estad
293 1412 540 1472 benevolentiam
561 1413 818 1491 coniungendam.
860 1411 943 1470 Nam
966 1412 1116 1472 utilitates

167 1508 290 1586 quidem
304 1508 396 1568 etiam
408 1510 446 1568 ab
461 1508 505 1569 eis
516 1510 727 1589 percipiuntur
740 1529 840 1588 saepe,
855 1502 906 1588 qui
921 1508 1115 1569 simulatione

76 1594 80 1603 ’
167 1604 319 1664 amicitiae
339 1606 481 1665 coluntur
505 1617 537 1665 et
558 1606 762 1666 observantur
781 1606 928 1685 temporis
949 1617 1056 1681 causa;
1083 1605 1115 1664 in

167 1701 300 1761 amicitia
311 1712 414 1761 autem
427 1703 502 1762 nihil
512 1704 617 1763 lictum
629 1714 686 1777 est,
702 1704 776 1762 nihil
788 1703 965 1763 simulatum
977 1714 1017 1777 et,
1032 1702 1117 1782 quid·

118 1798 240 1877 ltquid
250 1807 306 1872 est,
318 1797 348 1857 id
360 1808 407 1858 est
423 1819 529 1859 verum
546 1809 578 1859 et
592 1800 809 1859 voluntarium.
851 1801 898 1859 27.
920 1799 1118 1878 Quapropter

167 1905 308 1956 enatura
329 1895 402 1955 mihi
424 1896 548 1956 videtur
568 1897 779 1976 potiusquam
800 1897 839 1956 ab
860 1896 1030 1976 indigentia
1050 1904 1118 1956 orta

79 2038 81 2046 ,
167 1976 309 2068 arnicitia,
325 1993 531 2073 adplicatione
551 1995 650 2074 magis
672 1995 765 2053 animi
780 2015 848 2053 cum
871 1994 1003 2072 quodam
1025 2013 1119 2053 sensu

167 2091 289 2149 amandi
306 2111 398 2169 qnam
413 2089 603 2171 cogitatione
618 2077 770 2171 quantum
785 2092 838 2150 illa
852 2111 900 2150 res
916 2090 1058 2151 utilitatis
1074 2110 1119 2149 es-

166 2198 214 2247 set
230 2188 379 2248 habitura„
421 2189 513 2261 Quod
534 2190 658 2268 quidem
683 2189 771 2268 quale
793 2188 952 2262 sit,'etiam
966 2188 998 2247 in
1011 2187 1119 2248 hestiis

117 2284 350 2363 20quibusdam
373 2285 577 2345 animadverti
602 2295 715 2364 potest,
737 2304 815 2364 quae
840 2304 878 2344 ex
902 2304 935 2344 se
959 2294 1049 2345 natos
1074 2282 1120 2343 ita

166 2390 271 2440 atnant
293 2382 331 2440 ad
354 2383 511 2460 quoddam
534 2393 657 2460 tempus
671 2392 703 2440 et
718 2381 756 2440 ab
779 2380 823 2439 eis
845 2381 890 2440 ita
912 2391 1063 2454 amantur,
1083 2388 1119 2443 ut

166 2477 254 2538 facile
269 2498 373 2538 earum
398 2499 504 2538 sensus
519 2479 675 2558 adpareat.
716 2476 809 2548 Quod
830 2479 861 2536 in
879 2478 1003 2537 homine
1020 2477 1119 2537 multo

195 2637 216 2684 l.
233 2637 336 2696 Studiis]
359 2637 427 2682 ‘The
438 2650 510 2694 esger
518 2637 627 2683 desitos?
686 2636 722 2682 12.
737 2636 821 2696 abeis]
853 2637 905 2682 Not
915 2637 957 2681 the
970 2637 1076 2681 alslative
1086 2633 1115 2679 ol

193 2707 215 2752 4.
231 2707 302 2766 illud]
334 2707 386 2752 The
404 2720 447 2752 use
464 2707 494 2752 of
509 2709 557 2752 this
573 2719 627 2763 pro·
657 2705 699 2750 the
722 2710 809 2761 agent;
834 2708 894 2752 ‘are
918 2705 1029 2750 received
1054 2704 1119 2748 from

165 2790 240 2832 noun,
253 2779 276 2821 in
285 2777 406 2834 referring
414 2786 439 2822 to
448 2777 514 2822 what
522 2777 627 2832 t'cllows,
657 2774 744 2829 those,’
754 2779 800 2820 etc.

164 2847 185 2890 is
193 2847 258 2902 quite
267 2859 381 2892 common
391 2847 415 2892 iu
424 2847 523 2900 Cicer03
535 2845 566 2891 cf.
576 2846 628 2890 xiv.
688 2844 723 2889 13.
738 2844 851 2901 temporis
872 2845 956 2904 cause]
998 2845 1062 2889 ‘For
1076 2842 1119 2888 the

164 2916 200 2960 50.
211 2913 324 2961 -utn‘cm
333 2915 485 2975 -reddereq
507 2916 567 2961 This
579 2927 628 2960 was
658 2913 717 2957 sake
727 2912 756 2958 of
767 2925 783 2956 a
792 2918 933 2969 temporary
944 2911 1098 2969 advantage!

127 3003 131 3012 ·
165 2984 206 3028 the
222 2985 284 3028 view
295 2985 325 3029 of
339 2985 380 3030 the
398 2986 558 3041 Epicurusne,
570 2985 628 3029 who
688 2980 1119 3041 16.abina·9enric]‘1²1·0masense

165 3051 223 3096 held
235 3053 288 3096 that
298 3053 434 3110 friondship
445 3054 495 3098 had
507 3054 536 3098 its
548 3053 627 3109 origin
657 3053 686 3098 os
702 3052 782 3098 need!
802 3071 804 3075 ·

165 3120 190 3164 in
202 3121 394 3165 consideratione
405 3123 434 3165 of
444 3122 612 3168 sels-interest.
687 3122 721 3168 17.
737 3121 898 3178 adplicatione
924 3121 1004 3179 mapis
1027 3119 1117 3179 animi]

194 3190 216 3236 7.
229 3189 317 3247 posset]
350 3189 489 3249 Scfacore.
519 3221 524 3226 -
657 3189 741 3234 ‘More
752 3189 816 3234 from
829 3203 862 3234 an
874 3190 1016 3235 inclination
1036 3189 1065 3233 ol
1076 3189 1119 3234 the

193 3257 215 3302 8.
231 3255 284 3314 hoe]
317 3257 403 3302 Refers
418 3262 443 3302 to
459 3263 486 3302 ut
506 3258 628 3304 dandis-
656 3259 744 3303 mind.'
763 3254 914 3315 ‘Adplicatio
933 3260 959 3303 in
979 3259 1029 3302 this
1049 3269 1119 3303 sense

164 3326 279 3377 redderet,
291 3331 345 3378 etc,
357 3327 443 3371 above.
452 3327 625 3386 -propriumJ
657 3340 742 3385 occurs
754 3328 813 3383 only
822 3328 888 3373 here.

166 3394 407 3450 ‘Apeculiartrait’
685 3395 720 3439 22.
736 3410 820 3440 earum
837 3394 930 3453 sensus]
962 3395 1050 3439 ‘Their
1060 3394 1118 3440 scel-

196 3465 229 3507 10.
243 3462 364 3521 princeps]
398 3462 465 3508 ‘The
486 3464 553 3509 chief
573 3476 627 3510 mo·
657 3464 728 3518 ings,’
745 3476 773 3508 or
790 3465 848 3508 ‘the
866 3464 968 3520 feelings
984 3465 1065 3509 which
1081 3464 1118 3508 in·

165 3532 230 3587 tive‚'
240 3543 269 3576 or
280 3532 286 3556 ‘
296 3530 396 3588 leadIng
406 3531 540 3588 principle.’
657 3532 751 3577 fluence
762 3532 847 3578 them.’
