2492 3900
151 278 210 338 268
419 277 458 327 M.
484 276 612 328 TULLII
640 275 835 327 CICERONIS

118 472 120 477 ·
150 463 221 529 tur3
242 463 290 514 est
315 453 396 514 enim
422 464 573 534 quatenus
606 452 758 513 amicitiae
785 452 852 512 dari
876 453 967 512 venia
994 452 1104 532 possit.

150 550 220 610 Nec
236 570 309 610 vero
325 551 517 630 neglegenda
532 561 581 609 est
601 550 690 622 famu,
706 569 763 609 nec
784 549 936 609 mediocre
951 551 1046 609 telum
1063 549 1104 608 ad
1156 548 1161 553 ’

151 668 199 709 res
216 649 368 727 gerendas
383 647 559 707 existimare
575 657 699 725 oportet
714 646 960 705 benevolentiam
973 645 1104 721 civium;

151 766 244 825 quum
277 744 434 804 blanditiis
461 753 494 804 et
524 744 718 803 adsentando
750 743 892 822 colligere
920 756 1009 822 turpe
1036 753 1103 803 cst:

123 842 257 914 5virtus,
272 862 362 920 quam
385 840 524 919 sequitur
549 840 668 911 caritas,
691 840 815 899 minime
836 839 1026 918 repudianda
1046 849 1104 899 est.

152 940 199 999 62.
222 938 284 998 Sed
296 973 336 983 —
347 957 440 1016 saepe
456 936 536 995 euim
552 936 647 995 redeo
662 936 700 994 ad
715 935 897 1014 Scipionem,
908 937 992 996 cuius
1005 936 1104 994 omnis

152 1054 251 1094 sermo
266 1044 333 1095 erat
348 1034 387 1093 de
402 1033 536 1093 amicitie
546 1068 587 1079 —
598 1034 792 1112 querebatur,
812 1033 895 1112 quod
916 1032 1057 1092 omnibus
1070 1033 1103 1091 in

151 1131 242 1191 rebus
257 1130 397 1190 homines
413 1130 625 1209 diligentiores
640 1141 760 1188 essent:
781 1149 888 1208 capras
898 1142 930 1189 et
942 1150 1014 1189 oves
1028 1138 1104 1209 quot

152 1228 281 1308 quisque
296 1229 423 1288 haberet
444 1228 546 1286 dicere
568 1246 667 1306 posse,
683 1226 798 1285 amicos
813 1238 888 1305 quot
902 1227 1028 1287 haberet
1043 1246 1103 1285 non

105 1330 144 1391 10
152 1346 242 1405 posse
256 1326 365 1397 dicere,
378 1336 410 1385 et
425 1324 455 1384 in
468 1324 527 1383 illis
540 1324 665 1405 quidem
677 1322 822 1401 parandis
834 1324 978 1385 adhibere
990 1343 1103 1396 curam,

152 1422 184 1481 in
199 1402 304 1483 amicis
322 1422 471 1502 eligendis
494 1422 695 1500 neglegentes
719 1439 795 1492 esse,
807 1440 865 1479 nec
886 1420 997 1479 habere
1018 1419 1105 1499 quasi

152 1518 241 1598 signa
262 1520 415 1597 quaedam
436 1527 469 1578 et
489 1527 589 1591 notas,
604 1515 715 1596 quibus
736 1536 798 1589 eos,
812 1516 864 1595 qui
879 1517 916 1576 ad
940 1516 1106 1577 amicitiam

153 1626 257 1675 essent
272 1615 383 1688 idonci,
397 1614 579 1674 iudicarent.
622 1612 704 1674 Sunt
717 1612 820 1693 ‘igitur
840 1612 919 1672 firmi
934 1622 966 1674 et
980 1614 1105 1674 stabiles

154 1721 185 1771 et
199 1722 375 1772 constantes
391 1710 534 1791 eligendi,
549 1710 637 1770 euius
649 1710 773 1790 generis
784 1720 833 1770 est
846 1730 957 1789 magna
971 1710 1106 1789 penuria,

105 1807 333 1870 memdicare
358 1808 479 1868 difficile
501 1817 548 1867 cst
569 1827 642 1866 sane
658 1807 722 1867 'nisi
749 1817 932 1886 expertum3
953 1807 1106 1886 experiena

154 1905 227 1965 dum
249 1915 354 1967 autem
376 1917 422 1967 est
443 1905 475 1965 in
496 1904 566 1985 ipsa,
586 1903 740 1978 amicitiu;
761 1904 805 1965 ita
823 1904 993 1985 praecurrit
1007 1902 1107 1964 amici·

152 2003 197 2064 tia
211 2003 366 2077 iudicium,
381 2003 522 2083 tollitque
545 2002 723 2082 experiendi
743 2012 937 2081 potestatem.
978 2003 1026 2062 63.
1048 2001 1106 2062 Est

153 2099 248 2179 igitur
261 2100 422 2178 prudentis
436 2099 590 2159 sustinere
606 2107 642 2158 ut
656 2117 788 2172 currum,
800 2097 844 2158 sic
854 2098 1003 2178 impetum
1018 2099 1107 2158 bene·

153 2196 317 2269 velentiae,
340 2216 401 2275 quo
423 2207 547 2256 utamur
568 2194 656 2274 quasi
677 2194 765 2273 equis
785 2194 953 2273 temptatis,
967 2196 1010 2255 sie
1031 2195 1104 2254 ami·

104 2304 144 2364 20
154 2293 235 2366 citis,
250 2293 351 2372 alique
365 2301 452 2371 parte
467 2291 650 2371 periclitatis
665 2290 802 2349 moribus
816 2290 990 2350 amicorum.
1032 2292 1107 2364 Qui·

154 2390 226 2449 dam
249 2409 340 2468 saepe
359 2389 389 2448 in
415 2400 510 2468 parva
530 2388 662 2468 pecunia
681 2387 911 2466 perspiciuntur
931 2405 1022 2465 quam
1044 2389 1106 2448 sint

155 2488 255 2562 leves3
277 2487 403 2567 quidam
418 2497 531 2560 autem,
546 2506 624 2565 quos
648 2505 744 2565 parva
769 2505 975 2544 inoverenon
998 2486 1107 2563 potuit,

154 2596 381 2666 cognoscuntur
400 2585 431 2644 in
451 2595 571 2664 magna.
613 2583 669 2644 Sin
692 2593 785 2643 erunt
804 2582 895 2661 aliqui
920 2584 1041 2662 reperti,
1055 2583 1107 2662 qui

154 2683 315 2763 pecuniam
330 2682 481 2761 praeferre
497 2681 649 2742 amicitiae
663 2681 822 2740 sordidum
846 2679 1032 2754 existiment,
1053 2680 1107 2740 ubi

106 2782 207 2841 accos
222 2780 423 2852 inveniemus,
445 2779 497 2858 qui
516 2779 658 2852 honores,
680 2777 888 2857 magistratus,
911 2776 1035 2855 inperia,
1055 2797 1108 2857 po·

155 2884 292 2948 testates,
317 2896 390 2954 opes
416 2875 567 2934 amicitiae
589 2895 651 2934 non
680 2883 880 2953 avrteponant,
909 2885 951 2945 ut,
972 2894 1040 2932 cum
1070 2893 1108 2932 ex

155 2971 252 3031 altera
265 2984 351 3050 parte
366 2973 522 3052 proposita
537 2974 613 3032 haec
628 2972 698 3046 sint,
712 2993 751 3032 ex
766 2973 863 3031 altera
884 2970 931 3029 ius
947 2970 1108 3044 amicitiae,

185 3129 206 3174 1.
222 3131 426 3191 ert-mrutenus]
465 3133 530 3178 ‘For
547 3132 617 3177 thore
677 3133 711 3178 15.
727 3132 778 3178 uisi
787 3129 922 3191 expertum]
955 3128 1109 3175 ‘Unlessue

156 3198 176 3243 is
186 3212 202 3244 u
212 3200 280 3255 point
290 3206 315 3244 ιο
327 3201 425 3256 uhich,’
437 3207 483 3246 cte.
646 3202 710 3248 have
719 3203 768 3248 had
779 3199 942 3258 expcrlence!

185 3267 206 3312 2.
222 3283 264 3313 nec
275 3269 391 3314 mediocre
407 3271 491 3330 telum]
523 3272 574 3315 ‘A
585 3283 616 3314 an
677 3272 711 3315 19.
728 3271 783 3329 quo]
816 3270 1082 3326 Equlvaleuttouteo.

156 3337 245 3392 englue
255 3335 285 3381 os
296 3349 328 3381 no
339 3338 456 3394 ordinary
468 3338 557 3384 velue?
675 3337 712 3382 20.
724 3337 868 3395 periclitatis
898 3358 928 3369 -
964 3334 1108 3394 amicorum]

185 3405 207 3453 l.
222 3405 331 3450 omnibus
347 3406 374 3451 in
391 3407 469 3466 retias]
503 3409 540 3452 Sc.
551 3406 617 3451 aliie.
648 3407 743 3451 ‘When
752 3408 794 3452 tlte
802 3406 963 3451 cruracteror
966 3406 1110 3452 ourfriends

156 3473 216 3519 This
232 3487 334 3532 pusnage
351 3476 370 3519 is
388 3477 461 3520 taken
469 3477 568 3520 'almost
580 3477 617 3519 lit·
647 3474 692 3519 has
703 3477 764 3520 been
776 3477 800 3519 in
811 3486 879 3518 some
891 3486 1003 3520 measure
1014 3475 1110 3522 tested-⁹

157 3545 235 3601 crally
244 3544 308 3589 from
324 3544 484 3600 Xenophou¹s
495 3545 618 3589 Memora·
676 3542 712 3588 21.
727 3543 756 3587 iu
763 3545 843 3600 part-ci
855 3541 970 3600 pecunia]
1009 3543 1058 3588 ‘Iu
1070 3543 1111 3588 the

157 3612 223 3670 bilta,
234 3612 259 3658 ii.
269 3613 292 3670 4,
302 3611 324 3670 2,
336 3624 372 3670 iq.
648 3616 737 3657 matter
747 3611 777 3657 of
783 3623 799 3657 a
808 3611 881 3657 small
892 3623 949 3658 sum
960 3611 990 3658 of
1002 3624 1111 3670 money..
