2492 3900
133 211 273 278 accan]
347 209 707 266 nmrnuoaruosuou
727 209 841 265 amna
861 211 902 266 rt
1051 209 1092 270 aa

132 380 284 462 Vipereas
298 400 412 455 carnes,
426 381 573 443 vitiorum
588 364 736 446 alimenta
748 403 884 461 suorum,

131 477 296 552 Invidiam,
310 479 436 559 visaque
451 480 555 540 oculos
570 482 691 542 avertit.
724 481 838 542 Atilia
1032 482 1092 546 350

133 575 239 656 Surgit
253 577 348 636 humo
362 577 458 655 pigre,
473 595 721 658 semesarumque
735 579 882 659 relinquit

134 673 271 754 Corpora
286 683 474 752 serpentum,
488 693 642 754 passuque
656 675 773 736 incedit
786 675 887 737 inerti.

131 769 241 851 thue
256 771 347 830 deam
362 771 441 830 vidit
455 771 612 851 formaque
628 763 782 851 armisque
796 773 949 847 decoram,

131 865 298 948 Ingemuit,
312 868 494 948 vultumque
508 867 571 927 ima
585 867 624 927 ad
640 869 770 948 suspiria
784 869 883 931 duxit.

130 962 236 1023 Pallor
249 965 282 1024 in
296 985 348 1024 ore
363 965 461 1038 sedet,
476 965 589 1025 macies
603 965 636 1024 in
650 985 775 1044 corpore
790 976 868 1039 toto,
1031 964 1090 1025 355

130 1059 294 1141 Nusquam
308 1071 393 1122 recta
408 1064 498 1136 acies,
511 1063 609 1122 livent
623 1062 762 1142 robigine
777 1063 894 1137 dentes,

129 1157 263 1218 Pectora
277 1157 348 1217 felle
363 1158 474 1232 virent,
487 1158 593 1237 lingua
607 1169 656 1218 est
670 1159 785 1219 suffusa
799 1178 928 1219 veneno.

130 1253 223 1315 Risus
240 1255 337 1329 abest,
352 1255 409 1315 nisi
424 1275 516 1334 quem
530 1255 589 1315 visi
599 1255 728 1315 'movere
744 1256 874 1330 dolores,

128 1350 197 1412 Nec
211 1352 323 1412 fruitur
337 1373 454 1426 somne,
469 1352 653 1432 vigilacibus
668 1352 770 1414 excita
785 1352 876 1426 curis,

129 1447 191 1508 Sed
206 1450 294 1510 videt
309 1450 455 1529 ingratos,
469 1449 694 1530 intabescitque
707 1449 854 1524 videndo,
1026 1450 1087 1514 360

129 1544 297 1607 Successus
313 1547 482 1620 hominurn,
497 1545 656 1626 carpitque
671 1555 703 1607 et
718 1547 854 1626 carpitur
868 1557 938 1620 una,

129 1643 382 1723 Suppliciumquc
398 1664 488 1703 suum
503 1653 560 1718 est.
595 1643 744 1715 Quamvis
755 1652 858 1703 tamen
870 1642 981 1704 oderat
993 1641 1088 1717 illum,

127 1739 256 1800 Talibus
271 1742 374 1800 adfata
391 1751 439 1800 est
454 1741 592 1800 breviter
605 1740 747 1800 Tritonia
761 1740 870 1800 dictis:

127 1843 144 1871 “
152 1835 251 1896 inlice
266 1839 337 1897 tabe
353 1847 405 1898 tua
422 1849 563 1896 natarum
578 1837 723 1926 Cecropis
739 1857 842 1897 unam.

128 1934 179 1994 Sic
194 1956 273 2014 opus
289 1944 352 1995 est:
373 1935 529 2015 Aglauros
544 1955 580 1994 ea
595 1943 642 1995 est
653 1933 684 1994 :”
704 1935 787 1995 haud
801 1934 890 2013 plura
903 1932 1009 1995 locuta
1027 1931 1086 1995 365

126 2029 234 2110 Fugit,
248 2041 280 2089 et
293 2030 432 2108 inpressa
444 2030 588 2089 tellurem
603 2030 737 2109 reppulit
751 2031 850 2091 hasta

125 2125 185 2187 Illa
200 2128 291 2187 deam
307 2127 431 2206 obliquo
445 2126 615 2205 fugientem
629 2127 745 2187 lumine
760 2146 887 2187 cernens

125 2223 291 2284 Murmura
304 2243 399 2303 parva
413 2223 509 2296 dedit,
525 2236 798 2303 successurumque
810 2222 971 2285 Minervae

126 2320 276 2395 Indoluit,
290 2322 493 2401 baculumque
508 2321 599 2400 capit,
613 2321 696 2400 quod
711 2320 818 2400 spinea
831 2330 935 2381 totum

125 2417 263 2478 Vincula
278 2418 451 2497 cingebant,
467 2418 676 2497 adopertaque
690 2417 823 2477 nubibus
839 2418 914 2478 atris
1025 2416 1085 2478 370

127 2514 333 2595 Quacumque
347 2514 528 2594 ingreditur,
542 2514 685 2574 florentia
700 2514 829 2593 proterit
843 2532 925 2587 arva,

126 2609 303 2690 Exuritque
318 2611 428 2670 herbas
443 2620 475 2670 et
489 2629 610 2670 summa
624 2610 785 2670 cacumina
799 2608 907 2689 carpit,

156 2755 208 2801 350.
224 2754 287 2812 ulad]
305 2755 456 2814 snpplyea;
470 2755 589 2801 theabla·
648 2754 700 2800 360.
715 2753 837 2814 ingratos]
864 2752 949 2799 ‘with
969 2753 1086 2812 displace-

126 2824 176 2870 tive
188 2826 309 2871 absolute.
620 2824 682 2870 ure!

157 2893 208 2939 354.
224 2894 304 2953 duait]
334 2894 404 2939 Here
436 2893 590 2948 ‘distorted,'
650 2894 699 2939 362.
716 2892 807 2953 tomen]
837 2893 945 2950 Belongs
971 2893 1087 2950 logically

128 2962 144 3007 l.
155 2974 176 3008 e.
193 2964 236 3009 she
252 2964 368 3020 scowlcd,
385 2964 494 3021 setching
509 2968 534 3009 at
549 2964 591 3009 the
620 2965 647 3008 to
659 2961 748 3025 adfata
763 2968 805 3019 ert,
818 2962 913 3017 though
930 2963 1046 3020 standing
1061 2974 1087 3007 m

128 3042 196 3078 same
206 3034 265 3078 time
276 3034 376 3090 deepest
386 3034 461 3089 siglis.
620 3032 663 3076 the
674 3033 813 3077 concessive
824 3032 917 3076 clause.
942 3030 1084 3076 Translate:

157 3101 208 3147 355.
223 3102 323 3161 macies]
350 3102 389 3148 Sc.
400 3107 442 3158 eat,
453 3101 554 3159 implied
564 3102 590 3147 in
622 3100 687 3146 ‘Yet
702 3101 798 3158 though
809 3100 920 3146 Tritonia
931 3099 1006 3145 hated
1021 3097 1083 3144 heu’

128 3169 196 3215 aedat.
650 3170 700 3217 368.
712 3170 801 3230 parua]
834 3168 944 3227 ‘slight'
961 3180 989 3214 or
1011 3172 1085 3224 ‘sup-

157 3237 200 3283 356
224 3242 290 3285 recta
299 3238 373 3298 caea]
385 3238 423 3284 Of.
433 3238 473 3283 the
482 3238 592 3296 opposite
621 3237 954 3298 pressch-uoecesrurum]
977 3237 1085 3293 Scenae,

129 3307 154 3352 ln
165 3309 258 3369 obltquo
266 3332 294 3343 -
302 3312 399 3366 lumine,
410 3323 434 3355 v.
444 3310 496 3357 367.
621 3322 655 3353 an
663 3309 813 3365 impersonal
824 3307 1006 3358 constructum
1018 3305 1087 3348 ‘that

158 3378 209 3424 358.
226 3380 364 3439 nisiquem]
403 3379 591 3436 Equivalentto
620 3379 735 3424 Minerva
745 3390 794 3422 was
807 3372 1038 3421 tobesuccessfut'

125 3453 221 3505 praeter
242 3464 296 3495 eum
317 3448 589 3508 pamerras-dob-
647 3446 698 3495 372.
720 3438 964 3498 summocacumiao]
983 3440 1022 3485 Sc.
1033 3436 1086 3484 lter·

129 3515 178 3576 ree]
209 3518 277 3567 ‘The
287 3519 353 3578 sight
362 3518 392 3566 ot
404 3517 550 3577 audericus!
619 3516 713 3563 tamm.
1050 3556 1053 3559 ,

381 3596 399 3652 3
