<?xml version="1.0" encoding="UTF-8"?>
<!DOCTYPE html PUBLIC "-//W3C//DTD XHTML 1.0 Transitional//EN"
    "http://www.w3.org/TR/xhtml1/DTD/xhtml1-transitional.dtd">
<html xmlns="http://www.w3.org/1999/xhtml" xml:lang="en" lang="en">
 <head>
  <title>
</title>
<meta http-equiv="Content-Type" content="text/html;charset=utf-8" />
  <meta name='ocr-system' content='tesseract 3.04.00' />
  <meta name='ocr-capabilities' content='ocr_page ocr_carea ocr_par ocr_line ocrx_word'/>
</head>
<body>
  <div class='ocr_page' id='page_1' title='image "./selectionsfroml00gardgoog_0077.png"; bbox 0 0 2492 3900; ppageno 0'>
   <div class='ocr_carea' id='block_1_1' title="bbox 142 243 1098 310">
    <p class='ocr_par' dir='ltr' id='par_1_1' title="bbox 142 243 1098 310">
     <span class='ocr_line' id='line_1_1' title="bbox 142 243 1098 310; baseline 0.001 -14"><span class='ocrx_word' id='word_1_1' title='bbox 142 243 285 310; x_wconf 54' lang='lat' dir='ltr'>caseon]</span> <span class='ocrx_word' id='word_1_2' title='bbox 354 243 712 297; x_wconf 76' lang='lat' dir='ltr'>Murnnonruosuou</span> <span class='ocrx_word' id='word_1_3' title='bbox 734 245 847 298; x_wconf 80' lang='lat' dir='ltr'>umus</span> <span class='ocrx_word' id='word_1_4' title='bbox 870 245 907 297; x_wconf 88' lang='lat' dir='ltr'>v.</span> <span class='ocrx_word' id='word_1_5' title='bbox 1058 245 1098 307; x_wconf 73' lang='lat' dir='ltr'>ss</span> 
     </span>
    </p>
   </div>
   <div class='ocr_carea' id='block_1_2' title="bbox 142 420 1098 1180">
    <p class='ocr_par' dir='ltr' id='par_1_2' title="bbox 142 420 1098 1180">
     <span class='ocr_line' id='line_1_2' title="bbox 184 420 838 502; baseline 0.002 -20"><span class='ocrx_word' id='word_1_6' title='bbox 184 421 310 482; x_wconf 85' lang='lat' dir='ltr'>Interea</span> <span class='ocrx_word' id='word_1_7' title='bbox 321 420 454 502; x_wconf 84' lang='lat' dir='ltr'>pavidae</span> <span class='ocrx_word' id='word_1_8' title='bbox 467 420 655 501; x_wconf 85' lang='lat' dir='ltr'>nequiquam</span> <span class='ocrx_word' id='word_1_9' title='bbox 668 421 732 483; x_wconf 87' lang='lat' dir='ltr'>filia</span> <span class='ocrx_word' id='word_1_10' title='bbox 745 423 838 483; x_wconf 86' lang='lat' dir='ltr'>matri</span> 
     </span>
     <span class='ocr_line' id='line_1_3' title="bbox 143 517 899 598; baseline 0.001 -20"><span class='ocrx_word' id='word_1_11' title='bbox 143 519 297 578; x_wconf 89' lang='lat' dir='ltr'>Omnibus</span> <span class='ocrx_word' id='word_1_12' title='bbox 312 528 359 578; x_wconf 90' lang='lat' dir='ltr'>est</span> <span class='ocrx_word' id='word_1_13' title='bbox 372 517 470 591; x_wconf 85' lang='lat' dir='ltr'>terris,</span> <span class='ocrx_word' id='word_1_14' title='bbox 483 518 568 577; x_wconf 92' lang='lat' dir='ltr'>omni</span> <span class='ocrx_word' id='word_1_15' title='bbox 583 518 722 597; x_wconf 89' lang='lat' dir='ltr'>quaesita</span> <span class='ocrx_word' id='word_1_16' title='bbox 735 518 899 598; x_wconf 87' lang='lat' dir='ltr'>profundo.</span> 
     </span>
     <span class='ocr_line' id='line_1_4' title="bbox 142 599 1098 694; baseline 0.003 -20"><span class='ocrx_word' id='word_1_17' title='bbox 142 615 236 675; x_wconf 89' lang='lat' dir='ltr'>Illam</span> <span class='ocrx_word' id='word_1_18' title='bbox 251 599 311 675; x_wconf 86' lang='lat' dir='ltr'>non</span> <span class='ocrx_word' id='word_1_19' title='bbox 327 615 395 675; x_wconf 90' lang='lat' dir='ltr'>udis</span> <span class='ocrx_word' id='word_1_20' title='bbox 412 615 537 674; x_wconf 87' lang='lat' dir='ltr'>veniens</span> <span class='ocrx_word' id='word_1_21' title='bbox 553 616 673 674; x_wconf 82' lang='lat' dir='ltr'>Aurora</span> <span class='ocrx_word' id='word_1_22' title='bbox 687 615 804 694; x_wconf 79' lang='lat' dir='ltr'>capillis</span> <span class='ocrx_word' id='word_1_23' title='bbox 1038 615 1098 678; x_wconf 97' lang='grc'>100</span> 
     </span>
     <span class='ocr_line' id='line_1_5' title="bbox 144 709 919 790; baseline 0.001 -19"><span class='ocrx_word' id='word_1_24' title='bbox 144 713 327 772; x_wconf 83' lang='lat' dir='ltr'>Cessantem</span> <span class='ocrx_word' id='word_1_25' title='bbox 342 711 430 785; x_wconf 89' lang='lat' dir='ltr'>vidit,</span> <span class='ocrx_word' id='word_1_26' title='bbox 444 732 506 770; x_wconf 91' lang='lat' dir='ltr'>non</span> <span class='ocrx_word' id='word_1_27' title='bbox 520 711 685 790; x_wconf 66' lang='lat' dir='ltr'>Hesperus</span> <span class='ocrx_word' id='word_1_28' title='bbox 726 709 786 770; x_wconf 89' lang='lat' dir='ltr'>Illa</span> <span class='ocrx_word' id='word_1_29' title='bbox 799 710 919 772; x_wconf 90' lang='lat' dir='ltr'>duabus</span> 
     </span>
     <span class='ocr_line' id='line_1_6' title="bbox 143 808 977 888; baseline 0.001 -20"><span class='ocrx_word' id='word_1_30' title='bbox 143 809 358 869; x_wconf 77' lang='lat' dir='ltr'>Flammiferam</span> <span class='ocrx_word' id='word_1_31' title='bbox 372 808 463 888; x_wconf 85' lang='lat' dir='ltr'>pinus</span> <span class='ocrx_word' id='word_1_32' title='bbox 478 808 620 868; x_wconf 87' lang='lat' dir='ltr'>manibus</span> <span class='ocrx_word' id='word_1_33' title='bbox 635 808 796 869; x_wconf 77' lang='lat' dir='ltr'>succendit</span> <span class='ocrx_word' id='word_1_34' title='bbox 809 809 849 869; x_wconf 92' lang='lat' dir='ltr'>ab</span> <span class='ocrx_word' id='word_1_35' title='bbox 862 810 977 886; x_wconf 76' lang='lat' dir='ltr'>Aetna,</span> 
     </span>
     <span class='ocr_line' id='line_1_7' title="bbox 142 905 881 986; baseline 0 -19"><span class='ocrx_word' id='word_1_36' title='bbox 142 907 267 986; x_wconf 87' lang='lat' dir='ltr'>Perque</span> <span class='ocrx_word' id='word_1_37' title='bbox 281 906 443 985; x_wconf 88' lang='lat' dir='ltr'>pruinosas</span> <span class='ocrx_word' id='word_1_38' title='bbox 457 906 531 966; x_wconf 86' lang='lat' dir='ltr'>tulit</span> <span class='ocrx_word' id='word_1_39' title='bbox 545 905 716 985; x_wconf 90' lang='lat' dir='ltr'>inrequieta</span> <span class='ocrx_word' id='word_1_40' title='bbox 729 905 881 967; x_wconf 79' lang='lat' dir='ltr'>tenebras</span> 
     </span>
     <span class='ocr_line' id='line_1_8' title="bbox 143 1001 930 1076; baseline 0.001 -13"><span class='ocrx_word' id='word_1_41' title='bbox 143 1003 265 1063; x_wconf 86' lang='lat' dir='ltr'>Rursus</span> <span class='ocrx_word' id='word_1_42' title='bbox 280 1003 333 1062; x_wconf 92' lang='lat' dir='ltr'>ubi</span> <span class='ocrx_word' id='word_1_43' title='bbox 347 1004 428 1063; x_wconf 86' lang='lat' dir='ltr'>alma</span> <span class='ocrx_word' id='word_1_44' title='bbox 443 1003 509 1063; x_wconf 88' lang='lat' dir='ltr'>dies</span> <span class='ocrx_word' id='word_1_45' title='bbox 524 1003 685 1064; x_wconf 87' lang='lat' dir='ltr'>hebetarat</span> <span class='ocrx_word' id='word_1_46' title='bbox 698 1001 809 1076; x_wconf 87' lang='lat' dir='ltr'>sidera,</span> <span class='ocrx_word' id='word_1_47' title='bbox 823 1011 930 1064; x_wconf 83' lang='lat' dir='ltr'>natam</span> 
     </span>
     <span class='ocr_line' id='line_1_9' title="bbox 144 1098 1097 1180; baseline -0.003 -18"><span class='ocrx_word' id='word_1_48' title='bbox 144 1100 226 1162; x_wconf 86' lang='lat' dir='ltr'>Solis</span> <span class='ocrx_word' id='word_1_49' title='bbox 240 1100 279 1159; x_wconf 92' lang='lat' dir='ltr'>ab</span> <span class='ocrx_word' id='word_1_50' title='bbox 293 1119 403 1160; x_wconf 86' lang='lat' dir='ltr'>occasu</span> <span class='ocrx_word' id='word_1_51' title='bbox 416 1099 490 1161; x_wconf 87' lang='lat' dir='ltr'>solis</span> <span class='ocrx_word' id='word_1_52' title='bbox 504 1101 671 1180; x_wconf 84' lang='lat' dir='ltr'>quaerebat</span> <span class='ocrx_word' id='word_1_53' title='bbox 685 1099 725 1160; x_wconf 88' lang='lat' dir='ltr'>ad</span> <span class='ocrx_word' id='word_1_54' title='bbox 739 1108 834 1161; x_wconf 82' lang='lat' dir='ltr'>ortus</span> <span class='ocrx_word' id='word_1_55' title='bbox 987 1114 997 1130; x_wconf 76' lang='lat'>⁶</span> <span class='ocrx_word' id='word_1_56' title='bbox 1038 1098 1097 1160; x_wconf 84' lang='lat'>105</span> 
     </span>
    </p>
   </div>
   <div class='ocr_carea' id='block_1_3' title="bbox 544 1295 690 1440">
    <p class='ocr_par' dir='ltr' id='par_1_3' title="bbox 544 1295 690 1440">
     <span class='ocr_line' id='line_1_10' title="bbox 544 1295 690 1340; baseline -0.014 0"><span class='ocrx_word' id='word_1_57' title='bbox 544 1295 690 1340; x_wconf 70' lang='lat' dir='ltr'>summo.</span> 
     </span>
     <span class='ocr_line' id='line_1_11' title="bbox 563 1391 668 1440; baseline -0.019 0"><span class='ocrx_word' id='word_1_58' title='bbox 563 1406 590 1440; x_wconf 82' lang='lat' dir='ltr'>v.</span> <span class='ocrx_word' id='word_1_59' title='bbox 608 1391 668 1439; x_wconf 78' lang='lat'>446,</span> 
     </span>
    </p>
   </div>
   <div class='ocr_carea' id='block_1_4' title="bbox 141 1482 1094 3022">
    <p class='ocr_par' dir='ltr' id='par_1_4' title="bbox 141 1482 1094 3022">
     <span class='ocr_line' id='line_1_12' title="bbox 184 1482 1004 1568; baseline 0.002 -22"><span class='ocrx_word' id='word_1_60' title='bbox 184 1486 280 1548; x_wconf 79' lang='lat' dir='ltr'>Fessa</span> <span class='ocrx_word' id='word_1_61' title='bbox 293 1487 398 1549; x_wconf 90' lang='lat' dir='ltr'>labore</span> <span class='ocrx_word' id='word_1_62' title='bbox 412 1487 495 1549; x_wconf 88' lang='lat' dir='ltr'>sitim</span> <span class='ocrx_word' id='word_1_63' title='bbox 510 1489 686 1568; x_wconf 87' lang='lat' dir='ltr'>collegerat,</span> <span class='ocrx_word' id='word_1_64' title='bbox 699 1507 814 1568; x_wconf 86' lang='lat' dir='ltr'>oraque</span> <span class='ocrx_word' id='word_1_65' title='bbox 828 1487 907 1548; x_wconf 86' lang='lat' dir='ltr'>nulli</span> <span class='ocrx_word' id='word_1_66' title='bbox 999 1482 1004 1491; x_wconf 72' lang='grc'><strong>’</strong></span> 
     </span>
     <span class='ocr_line' id='line_1_13' title="bbox 143 1585 919 1659; baseline 0.004 -15"><span class='ocrx_word' id='word_1_67' title='bbox 143 1585 323 1646; x_wconf 82' lang='lat' dir='ltr'>Colluerant</span> <span class='ocrx_word' id='word_1_68' title='bbox 338 1587 447 1659; x_wconf 80' lang='lat' dir='ltr'>fontes,</span> <span class='ocrx_word' id='word_1_69' title='bbox 463 1607 533 1646; x_wconf 88' lang='lat' dir='ltr'>curn</span> <span class='ocrx_word' id='word_1_70' title='bbox 547 1596 663 1646; x_wconf 87' lang='lat' dir='ltr'>tectam</span> <span class='ocrx_word' id='word_1_71' title='bbox 677 1587 824 1646; x_wconf 82' lang='lat' dir='ltr'>stramine</span> <span class='ocrx_word' id='word_1_72' title='bbox 838 1586 919 1647; x_wconf 88' lang='lat' dir='ltr'>vidit</span> 
     </span>
     <span class='ocr_line' id='line_1_14' title="bbox 142 1678 953 1761; baseline 0.005 -23"><span class='ocrx_word' id='word_1_73' title='bbox 142 1678 239 1739; x_wconf 88' lang='lat' dir='ltr'>Forte</span> <span class='ocrx_word' id='word_1_74' title='bbox 254 1701 365 1755; x_wconf 88' lang='lat' dir='ltr'>casam,</span> <span class='ocrx_word' id='word_1_75' title='bbox 380 1701 551 1761; x_wconf 86' lang='lat' dir='ltr'>parvasque</span> <span class='ocrx_word' id='word_1_76' title='bbox 565 1682 645 1742; x_wconf 83' lang='lat' dir='ltr'>fores</span> <span class='ocrx_word' id='word_1_77' title='bbox 659 1682 813 1761; x_wconf 84' lang='lat' dir='ltr'>pulsavit:</span> <span class='ocrx_word' id='word_1_78' title='bbox 833 1682 953 1742; x_wconf 87' lang='lat' dir='ltr'>atinde</span> 
     </span>
     <span class='ocr_line' id='line_1_15' title="bbox 143 1775 1015 1860; baseline 0.006 -26"><span class='ocrx_word' id='word_1_79' title='bbox 143 1775 254 1838; x_wconf 84' lang='lat' dir='ltr'>Prodit</span> <span class='ocrx_word' id='word_1_80' title='bbox 268 1797 353 1852; x_wconf 90' lang='lat' dir='ltr'>anus,</span> <span class='ocrx_word' id='word_1_81' title='bbox 368 1778 534 1858; x_wconf 88' lang='lat' dir='ltr'>divamque</span> <span class='ocrx_word' id='word_1_82' title='bbox 548 1779 643 1851; x_wconf 66' lang='lat' dir='ltr'>videt,</span> <span class='ocrx_word' id='word_1_83' title='bbox 657 1779 877 1859; x_wconf 83' lang='lat' dir='ltr'>lymphamque</span> <span class='ocrx_word' id='word_1_84' title='bbox 891 1778 1015 1860; x_wconf 82' lang='lat' dir='ltr'>roganti</span> 
     </span>
     <span class='ocr_line' id='line_1_16' title="bbox 141 1871 1094 1958; baseline 0.006 -27"><span class='ocrx_word' id='word_1_85' title='bbox 141 1871 242 1934; x_wconf 87' lang='lat' dir='ltr'>Dulce</span> <span class='ocrx_word' id='word_1_86' title='bbox 259 1874 353 1950; x_wconf 86' lang='lat' dir='ltr'>dedit,</span> <span class='ocrx_word' id='word_1_87' title='bbox 368 1885 451 1935; x_wconf 78' lang='lat' dir='ltr'>tosta</span> <span class='ocrx_word' id='word_1_88' title='bbox 466 1875 548 1956; x_wconf 92' lang='lat' dir='ltr'>quod</span> <span class='ocrx_word' id='word_1_89' title='bbox 564 1885 685 1936; x_wconf 86' lang='lat' dir='ltr'>texerat</span> <span class='ocrx_word' id='word_1_90' title='bbox 699 1876 921 1958; x_wconf 69' lang='lat' dir='ltr'>antepolenta</span> <span class='ocrx_word' id='word_1_91' title='bbox 1036 1875 1094 1937; x_wconf 95' lang='grc'>110</span> 
     </span>
     <span class='ocr_line' id='line_1_17' title="bbox 141 1970 930 2051; baseline 0.004 -21"><span class='ocrx_word' id='word_1_92' title='bbox 141 1970 228 2031; x_wconf 92' lang='lat' dir='ltr'>Dum</span> <span class='ocrx_word' id='word_1_93' title='bbox 242 1972 320 2033; x_wconf 89' lang='lat' dir='ltr'>bibit</span> <span class='ocrx_word' id='word_1_94' title='bbox 333 1973 386 2031; x_wconf 88' lang='lat' dir='ltr'>illa</span> <span class='ocrx_word' id='word_1_95' title='bbox 400 1972 518 2047; x_wconf 91' lang='lat' dir='ltr'>datum,</span> <span class='ocrx_word' id='word_1_96' title='bbox 533 1972 602 2032; x_wconf 88' lang='lat' dir='ltr'>duri</span> <span class='ocrx_word' id='word_1_97' title='bbox 616 1993 693 2051; x_wconf 81' lang='lat' dir='ltr'>puer</span> <span class='ocrx_word' id='word_1_98' title='bbox 706 1973 766 2033; x_wconf 91' lang='lat' dir='ltr'>oris</span> <span class='ocrx_word' id='word_1_99' title='bbox 780 1983 814 2033; x_wconf 88' lang='lat' dir='ltr'>et</span> <span class='ocrx_word' id='word_1_100' title='bbox 827 1973 930 2033; x_wconf 85' lang='lat' dir='ltr'>audax</span> 
     </span>
     <span class='ocr_line' id='line_1_18' title="bbox 142 2068 988 2150; baseline 0.002 -21"><span class='ocrx_word' id='word_1_101' title='bbox 142 2068 294 2130; x_wconf 85' lang='lat' dir='ltr'>Constitit</span> <span class='ocrx_word' id='word_1_102' title='bbox 307 2080 380 2130; x_wconf 90' lang='lat' dir='ltr'>aute</span> <span class='ocrx_word' id='word_1_103' title='bbox 395 2070 494 2143; x_wconf 91' lang='lat' dir='ltr'>deam,</span> <span class='ocrx_word' id='word_1_104' title='bbox 508 2069 643 2149; x_wconf 88' lang='lat' dir='ltr'>risitque,</span> <span class='ocrx_word' id='word_1_105' title='bbox 657 2070 841 2150; x_wconf 84' lang='lat' dir='ltr'>avidamque</span> <span class='ocrx_word' id='word_1_106' title='bbox 855 2071 988 2132; x_wconf 86' lang='lat' dir='ltr'>vocavit.</span> 
     </span>
     <span class='ocr_line' id='line_1_19' title="bbox 142 2164 970 2247; baseline 0.002 -22"><span class='ocrx_word' id='word_1_107' title='bbox 142 2164 267 2226; x_wconf 87' lang='lat' dir='ltr'>Offensa</span> <span class='ocrx_word' id='word_1_108' title='bbox 280 2176 338 2240; x_wconf 86' lang='lat' dir='ltr'>est,</span> <span class='ocrx_word' id='word_1_109' title='bbox 351 2187 452 2247; x_wconf 87' lang='lat' dir='ltr'>neque</span> <span class='ocrx_word' id='word_1_110' title='bbox 467 2168 568 2227; x_wconf 89' lang='lat' dir='ltr'>adhuc</span> <span class='ocrx_word' id='word_1_111' title='bbox 582 2177 674 2245; x_wconf 75' lang='lat' dir='ltr'>epota</span> <span class='ocrx_word' id='word_1_112' title='bbox 688 2177 775 2246; x_wconf 87' lang='lat' dir='ltr'>parte</span> <span class='ocrx_word' id='word_1_113' title='bbox 789 2167 970 2247; x_wconf 80' lang='lat' dir='ltr'>loquentem</span> 
     </span>
     <span class='ocr_line' id='line_1_20' title="bbox 143 2263 850 2343; baseline 0.003 -20"><span class='ocrx_word' id='word_1_114' title='bbox 143 2264 221 2323; x_wconf 90' lang='lat' dir='ltr'>Cum</span> <span class='ocrx_word' id='word_1_115' title='bbox 236 2264 353 2343; x_wconf 89' lang='lat' dir='ltr'>liquido</span> <span class='ocrx_word' id='word_1_116' title='bbox 368 2264 467 2324; x_wconf 79' lang='lat' dir='ltr'>mixta</span> <span class='ocrx_word' id='word_1_117' title='bbox 479 2263 616 2343; x_wconf 85' lang='lat' dir='ltr'>perfudit</span> <span class='ocrx_word' id='word_1_118' title='bbox 629 2263 702 2323; x_wconf 83' lang='lat' dir='ltr'>diva</span> <span class='ocrx_word' id='word_1_119' title='bbox 715 2265 850 2343; x_wconf 69' lang='lat' dir='ltr'>polenta.</span> 
     </span>
     <span class='ocr_line' id='line_1_21' title="bbox 142 2359 1094 2443; baseline 0 -23"><span class='ocrx_word' id='word_1_120' title='bbox 142 2359 290 2420; x_wconf 85' lang='lat' dir='ltr'>Conbibit</span> <span class='ocrx_word' id='word_1_121' title='bbox 304 2380 338 2420; x_wconf 89' lang='lat' dir='ltr'>os</span> <span class='ocrx_word' id='word_1_122' title='bbox 352 2362 496 2435; x_wconf 89' lang='lat' dir='ltr'>maculas,</span> <span class='ocrx_word' id='word_1_123' title='bbox 511 2371 543 2422; x_wconf 89' lang='lat' dir='ltr'>et</span> <span class='ocrx_word' id='word_1_124' title='bbox 557 2370 636 2441; x_wconf 83' lang='lat' dir='ltr'>qua&#39;e</span> <span class='ocrx_word' id='word_1_125' title='bbox 650 2361 743 2421; x_wconf 91' lang='lat' dir='ltr'>modo</span> <span class='ocrx_word' id='word_1_126' title='bbox 758 2359 899 2424; x_wconf 87' lang='lat' dir='ltr'>bracchia</span> <span class='ocrx_word' id='word_1_127' title='bbox 912 2361 1017 2443; x_wconf 84' lang='lat' dir='ltr'>gessit,</span> <span class='ocrx_word' id='word_1_128' title='bbox 1036 2360 1094 2421; x_wconf 85' lang='lat'>115</span> 
     </span>
     <span class='ocr_line' id='line_1_22' title="bbox 142 2457 980 2537; baseline 0.002 -20"><span class='ocrx_word' id='word_1_129' title='bbox 142 2457 241 2517; x_wconf 84' lang='lat' dir='ltr'>Crura</span> <span class='ocrx_word' id='word_1_130' title='bbox 255 2458 354 2537; x_wconf 88' lang='lat' dir='ltr'>gerit:</span> <span class='ocrx_word' id='word_1_131' title='bbox 376 2460 474 2518; x_wconf 88' lang='lat' dir='ltr'>cauda</span> <span class='ocrx_word' id='word_1_132' title='bbox 489 2467 536 2519; x_wconf 90' lang='lat' dir='ltr'>est</span> <span class='ocrx_word' id='word_1_133' title='bbox 550 2458 679 2518; x_wconf 86' lang='lat' dir='ltr'>mutatis</span> <span class='ocrx_word' id='word_1_134' title='bbox 695 2459 802 2518; x_wconf 88' lang='lat' dir='ltr'>addita</span> <span class='ocrx_word' id='word_1_135' title='bbox 816 2458 980 2519; x_wconf 87' lang='lat' dir='ltr'>membris:</span> 
     </span>
     <span class='ocr_line' id='line_1_23' title="bbox 141 2552 988 2633; baseline 0.004 -22"><span class='ocrx_word' id='word_1_136' title='bbox 141 2552 241 2633; x_wconf 89' lang='lat' dir='ltr'>Inque</span> <span class='ocrx_word' id='word_1_137' title='bbox 255 2554 381 2614; x_wconf 87' lang='lat' dir='ltr'>brevem</span> <span class='ocrx_word' id='word_1_138' title='bbox 395 2556 534 2629; x_wconf 83' lang='lat' dir='ltr'>formam,</span> <span class='ocrx_word' id='word_1_139' title='bbox 548 2576 587 2615; x_wconf 91' lang='lat' dir='ltr'>ne</span> <span class='ocrx_word' id='word_1_140' title='bbox 601 2556 643 2615; x_wconf 91' lang='lat' dir='ltr'>sit</span> <span class='ocrx_word' id='word_1_141' title='bbox 657 2556 704 2616; x_wconf 87' lang='lat' dir='ltr'>vis</span> <span class='ocrx_word' id='word_1_142' title='bbox 718 2574 833 2633; x_wconf 84' lang='lat' dir='ltr'>magna</span> <span class='ocrx_word' id='word_1_143' title='bbox 846 2554 988 2629; x_wconf 88' lang='lat' dir='ltr'>nocendi,</span> 
     </span>
     <span class='ocr_line' id='line_1_24' title="bbox 142 2650 993 2732; baseline 0.002 -22"><span class='ocrx_word' id='word_1_144' title='bbox 142 2650 353 2725; x_wconf 84' lang='lat' dir='ltr'>Contrahitur,</span> <span class='ocrx_word' id='word_1_145' title='bbox 367 2664 523 2732; x_wconf 78' lang='lat' dir='ltr'>parvaque</span> <span class='ocrx_word' id='word_1_146' title='bbox 539 2653 640 2712; x_wconf 89' lang='lat' dir='ltr'>minor</span> <span class='ocrx_word' id='word_1_147' title='bbox 652 2672 796 2711; x_wconf 87' lang='lat' dir='ltr'>mensura</span> <span class='ocrx_word' id='word_1_148' title='bbox 809 2652 924 2711; x_wconf 77' lang='lat' dir='ltr'>lacerta</span> <span class='ocrx_word' id='word_1_149' title='bbox 937 2660 993 2712; x_wconf 87' lang='lat' dir='ltr'>est.</span> 
     </span>
     <span class='ocr_line' id='line_1_25' title="bbox 141 2744 1025 2829; baseline 0.003 -24"><span class='ocrx_word' id='word_1_150' title='bbox 141 2744 309 2807; x_wconf 84' lang='lat' dir='ltr'>Mirantem</span> <span class='ocrx_word' id='word_1_151' title='bbox 323 2749 510 2829; x_wconf 87' lang='lat' dir='ltr'>flentemque</span> <span class='ocrx_word' id='word_1_152' title='bbox 525 2760 557 2811; x_wconf 89' lang='lat' dir='ltr'>et</span> <span class='ocrx_word' id='word_1_153' title='bbox 570 2759 698 2828; x_wconf 87' lang='lat' dir='ltr'>tangere</span> <span class='ocrx_word' id='word_1_154' title='bbox 713 2757 851 2807; x_wconf 85' lang='lat' dir='ltr'>monstra</span> <span class='ocrx_word' id='word_1_155' title='bbox 863 2758 1025 2826; x_wconf 86' lang='lat' dir='ltr'>parantem</span> 
     </span>
     <span class='ocr_line' id='line_1_26' title="bbox 141 2840 1094 2927; baseline 0.007 -26"><span class='ocrx_word' id='word_1_156' title='bbox 141 2840 239 2922; x_wconf 84' lang='lat' dir='ltr'>Fugit</span> <span class='ocrx_word' id='word_1_157' title='bbox 252 2864 354 2918; x_wconf 87' lang='lat' dir='ltr'>anum,</span> <span class='ocrx_word' id='word_1_158' title='bbox 368 2848 579 2927; x_wconf 86' lang='lat' dir='ltr'>latebramque</span> <span class='ocrx_word' id='word_1_159' title='bbox 593 2847 682 2925; x_wconf 88' lang='lat' dir='ltr'>petit,</span> <span class='ocrx_word' id='word_1_160' title='bbox 697 2856 865 2924; x_wconf 85' lang='lat' dir='ltr'>aptumque</span> <span class='ocrx_word' id='word_1_161' title='bbox 880 2846 975 2905; x_wconf 91' lang='lat' dir='ltr'>colori</span> <span class='ocrx_word' id='word_1_162' title='bbox 1036 2845 1094 2909; x_wconf 83' lang='lat'>120</span> 
     </span>
     <span class='ocr_line' id='line_1_27' title="bbox 141 2938 908 3022; baseline 0.005 -24"><span class='ocrx_word' id='word_1_163' title='bbox 141 2938 265 2999; x_wconf 90' lang='lat' dir='ltr'>Nomen</span> <span class='ocrx_word' id='word_1_164' title='bbox 280 2942 382 3017; x_wconf 90' lang='lat' dir='ltr'>habet,</span> <span class='ocrx_word' id='word_1_165' title='bbox 395 2943 487 3003; x_wconf 89' lang='lat' dir='ltr'>variis</span> <span class='ocrx_word' id='word_1_166' title='bbox 502 2944 643 3003; x_wconf 87' lang='lat' dir='ltr'>stellatus</span> <span class='ocrx_word' id='word_1_167' title='bbox 658 2962 785 3022; x_wconf 87' lang='lat' dir='ltr'>corpore</span> <span class='ocrx_word' id='word_1_168' title='bbox 799 2942 908 3022; x_wconf 85' lang='lat' dir='ltr'>guttis.</span> 
     </span>
    </p>
   </div>
   <div class='ocr_carea' id='block_1_5' title="bbox 139 3106 1095 3582">
    <p class='ocr_par' dir='ltr' id='par_1_5' title="bbox 140 3106 1095 3307">
     <span class='ocr_line' id='line_1_28' title="bbox 171 3106 1095 3171; baseline 0.004 -18"><span class='ocrx_word' id='word_1_169' title='bbox 171 3107 220 3153; x_wconf 89' lang='grc'><strong>100.</strong></span> <span class='ocrx_word' id='word_1_170' title='bbox 235 3106 438 3171; x_wconf 72' lang='lat' dir='ltr'>adis-copillis]</span> <span class='ocrx_word' id='word_1_171' title='bbox 492 3112 602 3158; x_wconf 79' lang='lat' dir='ltr'>Because</span> <span class='ocrx_word' id='word_1_172' title='bbox 631 3114 689 3158; x_wconf 87' lang='lat' dir='ltr'>nine</span> <span class='ocrx_word' id='word_1_173' title='bbox 698 3110 721 3157; x_wconf 90' lang='lat' dir='ltr'>in</span> <span class='ocrx_word' id='word_1_174' title='bbox 732 3111 764 3157; x_wconf 87' lang='lat' dir='ltr'>its</span> <span class='ocrx_word' id='word_1_175' title='bbox 772 3110 844 3157; x_wconf 85' lang='lat' dir='ltr'>usual</span> <span class='ocrx_word' id='word_1_176' title='bbox 852 3112 968 3170; x_wconf 85' lang='lat' dir='ltr'>meaning</span> <span class='ocrx_word' id='word_1_177' title='bbox 975 3111 1019 3157; x_wconf 82' lang='lat' dir='ltr'>of‘</span> <span class='ocrx_word' id='word_1_178' title='bbox 1028 3110 1095 3169; x_wconf 80' lang='lat' dir='ltr'>day.&#39;</span> 
     </span>
     <span class='ocr_line' id='line_1_29' title="bbox 140 3176 1095 3241; baseline 0.007 -21"><span class='ocrx_word' id='word_1_179' title='bbox 140 3176 239 3222; x_wconf 74' lang='lat' dir='ltr'>Aurora</span> <span class='ocrx_word' id='word_1_180' title='bbox 248 3180 308 3224; x_wconf 85' lang='lat' dir='ltr'>risos</span> <span class='ocrx_word' id='word_1_181' title='bbox 318 3180 381 3225; x_wconf 84' lang='lat' dir='ltr'>from</span> <span class='ocrx_word' id='word_1_182' title='bbox 392 3181 434 3225; x_wconf 89' lang='lat' dir='ltr'>the</span> <span class='ocrx_word' id='word_1_183' title='bbox 443 3192 526 3227; x_wconf 89' lang='lat' dir='ltr'>ocean.</span> <span class='ocrx_word' id='word_1_184' title='bbox 661 3182 711 3227; x_wconf 88' lang='lat'>106.</span> <span class='ocrx_word' id='word_1_185' title='bbox 727 3181 794 3226; x_wconf 76' lang='lat' dir='ltr'>sitim</span> <span class='ocrx_word' id='word_1_186' title='bbox 804 3182 939 3241; x_wconf 73' lang='lat' dir='ltr'>eolleqerat]</span> <span class='ocrx_word' id='word_1_187' title='bbox 970 3181 1095 3227; x_wconf 79' lang='lat' dir='ltr'>‘Hsdbc-</span> 
     </span>
     <span class='ocr_line' id='line_1_30' title="bbox 172 3246 821 3307; baseline 0.006 -17"><span class='ocrx_word' id='word_1_188' title='bbox 172 3246 221 3290; x_wconf 83' lang='lat'>102.</span> <span class='ocrx_word' id='word_1_189' title='bbox 232 3246 318 3306; x_wconf 76' lang='lat' dir='ltr'>pinus]</span> <span class='ocrx_word' id='word_1_190' title='bbox 351 3248 476 3307; x_wconf 82' lang='lat' dir='ltr'>‘Terebes</span> <span class='ocrx_word' id='word_1_191' title='bbox 486 3248 515 3293; x_wconf 82' lang='lat' dir='ltr'>oi</span> <span class='ocrx_word' id='word_1_192' title='bbox 529 3249 602 3306; x_wconf 70' lang='lat' dir='ltr'>plne!</span> <span class='ocrx_word' id='word_1_193' title='bbox 632 3262 702 3296; x_wconf 90' lang='lat' dir='ltr'>come</span> <span class='ocrx_word' id='word_1_194' title='bbox 713 3250 821 3307; x_wconf 64' lang='lat' dir='ltr'>thirsty!</span> 
     </span>
    </p>

    <p class='ocr_par' dir='ltr' id='par_1_6' title="bbox 139 3314 1095 3582">
     <span class='ocr_line' id='line_1_31' title="bbox 170 3314 1095 3377; baseline 0.004 -18"><span class='ocrx_word' id='word_1_195' title='bbox 170 3314 220 3360; x_wconf 84' lang='lat'>10³.</span> <span class='ocrx_word' id='word_1_196' title='bbox 235 3315 382 3377; x_wconf 77' lang='lat' dir='ltr'>inrequieta]</span> <span class='ocrx_word' id='word_1_197' title='bbox 426 3319 434 3343; x_wconf 83' lang='lat'><em>⁴</em></span> <span class='ocrx_word' id='word_1_198' title='bbox 441 3316 525 3363; x_wconf 86' lang='lat' dir='ltr'>Never</span> <span class='ocrx_word' id='word_1_199' title='bbox 543 3320 602 3363; x_wconf 79' lang='lat' dir='ltr'>rest·</span> <span class='ocrx_word' id='word_1_200' title='bbox 663 3318 713 3362; x_wconf 91' lang='grc'><strong>110.</strong></span> <span class='ocrx_word' id='word_1_201' title='bbox 731 3317 816 3376; x_wconf 75' lang='lat' dir='ltr'>Daue]</span> <span class='ocrx_word' id='word_1_202' title='bbox 848 3317 919 3363; x_wconf 87' lang='lat' dir='ltr'>Used</span> <span class='ocrx_word' id='word_1_203' title='bbox 930 3316 1095 3363; x_wconf 82' lang='lat' dir='ltr'>substantive-</span> 
     </span>
     <span class='ocr_line' id='line_1_32' title="bbox 140 3382 949 3443; baseline 0.002 -14"><span class='ocrx_word' id='word_1_204' title='bbox 140 3382 200 3440; x_wconf 63' lang='lat' dir='ltr'>ing?</span> <span class='ocrx_word' id='word_1_205' title='bbox 633 3385 660 3443; x_wconf 83' lang='lat' dir='ltr'>ly</span> <span class='ocrx_word' id='word_1_206' title='bbox 671 3386 710 3431; x_wconf 85' lang='lat' dir='ltr'>for</span> <span class='ocrx_word' id='word_1_207' title='bbox 719 3385 811 3430; x_wconf 77' lang='lat' dir='ltr'>dulcem</span> <span class='ocrx_word' id='word_1_208' title='bbox 817 3386 949 3443; x_wconf 77' lang='lat' dir='ltr'>potionem.</span> 
     </span>
     <span class='ocr_line' id='line_1_33' title="bbox 170 3450 1095 3513; baseline 0.001 -18"><span class='ocrx_word' id='word_1_209' title='bbox 170 3450 604 3513; x_wconf 72' lang='lat' dir='ltr'>104.almadies]1&#39;hepoetsonen</span> <span class='ocrx_word' id='word_1_210' title='bbox 664 3453 714 3498; x_wconf 87' lang='lat'>113.</span> <span class='ocrx_word' id='word_1_211' title='bbox 729 3467 803 3511; x_wconf 65' lang='lat' dir='ltr'>seqare</span> <span class='ocrx_word' id='word_1_212' title='bbox 813 3452 903 3512; x_wconf 77' lang='lat' dir='ltr'>adbuc]</span> <span class='ocrx_word' id='word_1_213' title='bbox 943 3452 1095 3509; x_wconf 81' lang='lat' dir='ltr'>Equivaleut</span> 
     </span>
     <span class='ocr_line' id='line_1_34' title="bbox 139 3520 819 3582; baseline 0 -15"><span class='ocrx_word' id='word_1_214' title='bbox 139 3520 214 3568; x_wconf 82' lang='lat' dir='ltr'>make</span> <span class='ocrx_word' id='word_1_215' title='bbox 233 3522 276 3569; x_wconf 84' lang='lat' dir='ltr'>the</span> <span class='ocrx_word' id='word_1_216' title='bbox 296 3522 407 3582; x_wconf 79' lang='lat' dir='ltr'>singular</span> <span class='ocrx_word' id='word_1_217' title='bbox 422 3521 515 3569; x_wconf 78' lang='lat' dir='ltr'>ofdies</span> <span class='ocrx_word' id='word_1_218' title='bbox 534 3522 603 3569; x_wconf 77' lang='lat' dir='ltr'>seml-</span> <span class='ocrx_word' id='word_1_219' title='bbox 634 3522 819 3581; x_wconf 61' lang='lat' dir='ltr'>tosqmlm.</span> 
     </span>
    </p>
   </div>
   <div class='ocr_carea' id='block_1_6' title="bbox 382 3598 401 3658">
    <p class='ocr_par' dir='ltr' id='par_1_7' title="bbox 382 3598 401 3658">
     <span class='ocr_line' id='line_1_35' title="bbox 382 3598 401 3658; baseline 0 0"><span class='ocrx_word' id='word_1_220' title='bbox 382 3598 401 3658; x_wconf 83' lang='lat' dir='ltr'>t</span> 
     </span>
    </p>
   </div>
   <div class='ocr_carea' id='block_1_7' title="bbox 0 0 1250 3900">
    <p class='ocr_par' dir='ltr' id='par_1_8' title="bbox 0 0 1250 3900">
     <span class='ocr_line' id='line_1_36' title="bbox 0 0 1250 3900; baseline 0 0"><span class='ocrx_word' id='word_1_221' title='bbox 0 0 1250 3900; x_wconf 95' lang='lat' dir='ltr'> </span> 
     </span>
    </p>
   </div>
  </div>
 </body>
</html>
