2492 3900
182 230 242 291 222
452 228 490 279 u.
516 227 644 279 nuum
665 186 862 281 nonnosus

182 406 367 482 relicimur,
382 412 424 480 ei,
437 424 508 466 oum
529 404 660 485 simplex
681 405 776 464 enimi
796 414 909 465 natura
927 414 1019 481 esset,
1032 424 1141 488 neque

182 504 311 565 heberet
324 502 357 564 in
372 523 405 563 ss
419 502 587 583 quidquam
602 502 777 563 admixtum
787 503 891 582 dispar
904 502 952 563 sui
966 512 1060 583 atque
1074 505 1141 564 dis·

124 620 128 629 ’
183 600 290 674 simile,
310 603 373 660 no'n
395 620 483 679 posse
504 620 576 659 eum
596 592 715 675 dividi}
736 600 820 679 quod
835 600 860 661 si
874 620 937 659 nou
953 602 1059 678 possit,
1072 620 1138 661 nou

182 718 271 777 posse
281 696 424 772 interire3
444 716 619 776 magnoque
630 716 698 757 esse
710 708 892 775 argumento
904 696 1044 755 homines
1055 698 1139 756 scire

154 794 327 874 5ple1uque
342 803 415 853 aute
429 812 522 872 quum
536 792 602 853 nati
612 793 684 867 siut,
695 793 779 872 quod
791 792 853 851 inm
862 792 958 871 pueri,
970 813 1041 851 cum
1052 804 1138 853 eries

102 874 108 886 ⁹
182 892 320 953 difficiles
334 891 464 965 discant,
477 890 523 951 itu
545 889 685 950 oeleiitcr
698 910 747 950 res
767 888 1008 950 innumerabiles
1029 890 1141 970 arripi·

183 1000 246 1064 ant,
270 999 305 1050 ui
326 1010 378 1049 eus
393 1009 455 1049 non
477 998 546 1049 tum
566 988 701 1067 primum
722 987 860 1067 accipere
883 988 1058 1063 uideantur,
1078 988 1139 1050 sed

116 1152 124 1169 ·
183 1085 337 1145 reminisci
352 1095 384 1145 ei
398 1084 561 1146 recordari.
602 1084 692 1145 Haec
707 1084 848 1146 Platonis
861 1086 935 1145 fere.

222 1181 333 1243 XXII.
353 1182 401 1244 79.
421 1182 518 1262 Apud
531 1180 777 1261 Xenophontem
797 1192 903 1243 autem
924 1182 1059 1243 moriens
1077 1183 1141 1264 cy·

134 1289 234 1350 lorus
248 1283 346 1340 maior
359 1280 436 1340 haee
449 1279 544 1340 dicit:
565 1286 583 1315 ‘⁶
594 1278 703 1339 Nolite
717 1279 900 1355 arbitrario
909 1279 971 1339 mei
984 1280 1142 1341 canssimi·

181 1377 246 1453 filii,
259 1398 317 1453 me,
331 1398 401 1439 cum
421 1398 439 1436 e
459 1376 548 1437 vobis
568 1376 747 1452 discessero,
765 1397 920 1457 nusquam
939 1388 997 1438 nui
1014 1378 1137 1438 nulium

181 1474 256 1535 fore.
295 1474 408 1554 Neque
421 1473 512 1547 cuim,
524 1473 695 1533 demerem
704 1474 872 1548 uobiscum,
882 1475 1019 1534 animum
1028 1494 1136 1535 meum

181 1568 347 1644 videbatis3
370 1569 424 1629 sed
439 1589 510 1629 eum
535 1588 603 1629 esse
628 1569 660 1629 in
681 1570 742 1630 hoe
763 1591 890 1649 corpore
913 1570 1014 1630 exeis
1033 1571 1137 1644 rebus,

182 1687 258 1747 ques
270 1667 424 1745 gerebam,
439 1666 677 1744 intellegebutis.
719 1666 864 1727 Eundem
883 1668 979 1747 igitur
992 1688 1058 1727 esse
1072 1687 1136 1727 ere·

133 1768 172 1828 15
183 1762 290 1836 ditote,
317 1763 412 1822 etiam
433 1763 458 1823 si
480 1763 600 1841 nullum
621 1764 778 1824 videbitis.
820 1766 869 1825 80.
890 1764 960 1825 Nee
980 1785 1055 1825 vero
1073 1765 1134 1823 eln-

181 1880 286 1919 rorum
309 1862 446 1919 virerum
469 1869 540 1939 post
561 1870 694 1919 mortem
715 1862 847 1920 honores
862 1871 1086 1941 perninnercnh
1107 1858 1134 1920 si

181 1956 257 2016 nihil
280 1977 386 2016 eorum
408 1956 545 2036 ipsorum
570 1956 665 2016 enimi
679 1957 844 2031 efficereuu
857 1978 920 2037 quo
934 1958 1051 2018 diutius
1071 1977 1135 2017 me-

181 2053 309 2114 moriam
330 2053 379 2113 sui
399 2062 585 2114 teneremus.
625 2051 705 2112 Mihi
726 2054 853 2133 quidem
874 2074 1041 2134 numquam
1065 2073 1134 2134 per-

552 2165 556 2189 ,
1062 2175 1064 2179 .

210 2214 232 2260 1.
246 2211 450 2272 esset-liaberet]
461 2211 541 2258 These
549 2212 640 2269 imper·
698 2212 722 2258 11.
736 2212 814 2272 Apud
822 2212 1015 2274 Xmopiontem]
1045 2211 1075 2259 In
1089 2212 1132 2260 the

180 2283 230 2329 fect
239 2288 320 2328 tenses
337 2283 434 2340 depend
446 2295 512 2340 upon
518 2281 639 2341 peronii,
670 2283 832 2341 Cyropuedin
846 2285 897 2330 viii.
907 2284 930 2340 7,
941 2296 978 2341 sq.
1007 2281 1060 2329 The
1077 2294 1133 2340 pns-

180 2353 299 2410 regarded
309 2365 336 2398 ns
348 2353 465 2410 apcffece
481 2351 614 2408 indefinite,
626 2363 642 2396 s
670 2365 728 2411 sago
738 2354 851 2400 hasbeen
860 2353 993 2400 translated
1002 2364 1062 2410 very
1070 2352 1132 2398 freo-

181 2423 274 2480 change
289 2423 318 2468 of
332 2422 498 2468 construction
516 2421 580 2467 from
598 2422 641 2467 the
670 2423 697 2480 ly
716 2425 748 2481 hy
760 2424 852 2476 Cicero,
864 2423 924 2468 with
938 2435 1006 2468 some
1022 2422 1132 2480 portione

180 2491 311 2548 preceding
320 2491 423 2545 cieuses,
435 2489 517 2535 where
534 2502 570 2535 we
589 2490 641 2535 find
671 2493 775 2537 omitted
785 2491 989 2538 ernbnreviuted.

180 2559 223 2605 the
243 2564 340 2616 present
359 2563 427 2604 tense
448 2558 590 2615 depending
607 2570 641 2603 on
702 2560 737 2605 10.
754 2560 835 2606 Nolite
845 2557 972 2616 arbitron]
1003 2555 1033 2601 In
1045 2556 1132 2601 classic

181 2631 224 2676 the
235 2643 302 2677 sume
313 2633 381 2676 vcrh.
671 2641 743 2687 prose
760 2630 802 2674 the
819 2635 884 2673 mou
899 2627 971 2672 usuul
981 2638 1038 2682 way
1047 2626 1077 2671 of
1087 2637 1132 2670 ex·

209 2700 231 2746 5.
247 2705 302 2746 ame
316 2713 388 2760 quam
403 2699 457 2746 mei
471 2697 531 2758 sint]
562 2699 643 2744 ‘Thai
671 2694 1109 2758 pressinueeemmnndnegutivcly.

180 2770 223 2815 the
233 2769 287 2814 seui
298 2769 347 2814 hed
358 2781 388 2813 un
402 2769 528 2814 existence
539 2767 606 2824 prior
616 2772 643 2814 eo
702 2766 736 2811 12.
744 2763 814 2826 sore]
841 2764 894 2809 The
903 2763 998 2820 subject
1008 2761 1029 2807 is
1040 2775 1077 2808 me
1088 2773 1133 2807 un·

180 2839 226 2884 her
249 2839 391 2884 connection
416 2838 476 2882 with
501 2837 543 2882 the
567 2837 641 2892 body,
671 2833 797 2880 derstood.

181 2919 259 2954 scenis
270 2907 368 2953 tehove
379 2909 440 2952 hoen
457 2919 489 2952 on
505 2907 606 2963 opinion
616 2903 647 2951 os
702 2903 736 2948 li.
753 2899 876 2959 Eundem]
908 2899 975 2946 ‘The
993 2911 1060 2945 seme
1079 2910 1133 2957 per·

181 2977 223 3022 the
235 2976 333 3033 highest
349 2979 487 3034 untiquity3
502 2988 530 3021 es
547 2977 565 3020 ii
582 2986 642 3032 may
671 2970 734 3016 son!

180 3044 390 3090 henncedinthe
406 3043 642 3099 Cheldcsn‚Egy1›-
701 3040 736 3086 15.
750 3039 856 3100 nullum]
888 3039 944 3084 ‘No
953 3041 1019 3084 truce
1027 3035 1121 3083 orme?

181 3111 240 3166 tien,
251 3112 300 3157 und
311 3111 415 3157 Greeinn
425 3111 552 3167 theology,
565 3123 592 3156 ns
603 3110 642 3155 fur
700 3109 735 3158 17.
750 3123 833 3156 eonem
844 3109 952 3167 ipsomm
962 3107 1050 3165 ammi]
1080 3105 1134 3151 The

180 3181 244 3226 beck
255 3193 281 3226 us
292 3182 360 3226 there
375 3193 416 3226 ure
431 3191 481 3236 any
496 3181 594 3224 records
605 3192 642 3224 re·
670 3179 782 3225 Romans
791 3178 902 3224 believed
909 3179 963 3223 thet
971 3177 1062 3222 certain
1069 3180 1133 3221 tute-

180 3250 290 3305 mnining
309 3247 339 3294 os
359 3249 423 3293 their
442 3247 592 3304 speculative
607 3253 642 3292 te
672 3244 1134 3307 lnrydivinitus,oriaresfamilioree,

180 3315 290 3361 ncts.‘-
301 3315 431 3361 Mcimoth.
672 3316 797 3372 imagined
814 3321 841 3360 to
857 3317 888 3360 be
905 3316 948 3360 the
963 3314 1032 3359 souis
1047 3314 1075 3357 of
1091 3311 1134 3358 the

210 3383 232 3428 8.
247 3383 371 3428 reminisci
390 3387 413 3427 ei
428 3381 562 3441 recordari]
595 3383 642 3428 Re-
671 3387 792 3439 virtuous,
811 3384 924 3428 waichcd
940 3395 999 3428 over
1015 3383 1064 3427 aud
1079 3393 1135 3438 pro-

181 3451 287 3508 minisce',
298 3454 305 3477 ¹
316 3457 342 3496 to
356 3451 432 3497 recall
441 3455 470 3496 to
478 3451 548 3496 mind
556 3451 578 3504 ς’
591 3452 620 3496 of
627 3463 644 3496 u
671 3454 752 3498 tecm
762 3454 805 3498 the
814 3452 880 3498 sume
890 3452 920 3497 os
928 3453 994 3496 their
1004 3463 1060 3497 own
1069 3450 1136 3506 good

181 3525 339 3577 momentary
358 3523 415 3573 ποις
438 3518 570 3574 reeordari,
602 3521 645 3565 ‘ie
672 3519 748 3565 deeds
766 3531 794 3565 ns
811 3518 868 3564 well
883 3530 911 3564 us
931 3519 1003 3565 those
1020 3518 1051 3565 of
1070 3517 1138 3564 their

182 3587 606 3649 eontempleee’whensoroedied.
672 3588 843 3635 descendants.
