2492 3900
164 205 222 266 138
368 203 400 267 Q·
426 201 553 256 atrurn
576 200 664 254 RUFI
687 201 737 252 DE
761 197 891 252 GESTIS

163 402 222 462 que
237 380 399 442 commisit.
439 379 569 460 Iamque
591 380 651 441 iter
671 399 777 460 parare
792 379 822 439 in
840 389 999 458 postorum
1014 376 1116 440 iussus

162 479 303 539 sollemni
317 489 349 538 ct
363 478 550 557 tempestivo
565 478 731 537 adhibetur
745 477 897 538 convivio.

203 575 262 636 iv.
283 575 321 634 In
337 595 398 654 quo
412 594 476 647 rex,
496 595 567 633 cum
588 575 688 634 multo
710 574 887 634 incaluisset
902 595 994 648 mero,
1018 572 1116 632 inmo-

163 673 249 734 dicus
272 673 452 732 aestimator
475 671 531 744 sui,
554 671 717 745 celebrare,
740 691 817 750 quae
839 681 986 750 gesserat,
1006 671 1117 749 coepit,

135 770 267 852 5gravis
289 768 383 828 etiam
407 787 514 826 eorum
536 763 668 842 auribus,
692 768 744 854 qui
765 769 949 842 sentiebant,
964 787 1036 826 vera
1057 786 1119 826 me·

163 866 284 925 morari.
327 864 491 924 Silentium
507 875 610 936 tamen
626 865 761 924 habuere
776 864 921 939 seniores,
934 865 1032 924 donee
1042 863 1115 923 Phi·

163 963 241 1042 lippi
255 983 303 1021 res
317 982 404 1020 orsus
420 961 560 1020 obterere
581 961 718 1020 nobilem
733 963 816 1040 apud
832 963 1041 1023 Chaeroneam
1058 961 1116 1021 vio
1141 967 1144 974 '

163 1059 274 1119 teriam
303 1058 351 1117 sui
377 1057 477 1135 operis
504 1057 596 1116 fuisse
627 1057 764 1133 iactavit,
793 1059 1031 1139 ademptamque
1058 1057 1127 1118 sibi.

163 1155 357 1236 malignitate
372 1165 405 1213 et
418 1148 535 1216 invidia
549 1154 645 1233 patris
662 1165 768 1215 tantae
784 1156 826 1215 rei
842 1157 981 1234 gloriam.
1022 1155 1117 1215 Illum

116 1268 154 1329 10
165 1254 298 1335 quidem,
320 1253 472 1314 seditione
492 1252 575 1311 inter
594 1251 780 1313 Macedones
802 1253 914 1312 milites
934 1266 966 1312 et
980 1252 1115 1313 Graecos

163 1352 387 1411 mercennarios
400 1362 475 1426 orti,
488 1350 682 1409 debilitatum
698 1351 832 1423 vulnere,
852 1351 934 1430 quod
950 1351 981 1410 in
996 1362 1032 1410 ea
1046 1371 1116 1410 eon·

165 1446 354 1521 sternatioue
378 1453 546 1523 acceperat,
561 1445 699 1518 iacuisse,
714 1466 776 1504 non
796 1446 854 1504 alia
869 1465 899 1504 re
915 1465 1007 1524 quam
1028 1445 1117 1504 simu-

164 1543 281 1603 latione
308 1541 417 1602 mortis
445 1543 614 1600 tutiorem:
649 1561 681 1600 se
709 1562 818 1621 corpus
848 1542 912 1602 cius
945 1543 1117 1621 protexisse

166 1641 264 1718 olipco
292 1659 348 1698 suo
378 1649 567 1717 ruentesque
595 1637 627 1696 in
656 1639 742 1698 illum
778 1650 832 1698 suh
866 1659 960 1697 manu
992 1639 1117 1699 occisos.

118 1749 156 1808 15
167 1737 255 1808 Quae
269 1746 390 1815 patrem
404 1755 572 1814 numquam
598 1754 696 1814 aequo
719 1735 821 1794 animo
847 1755 915 1796 esse
937 1736 1118 1810 confessum,

166 1835 299 1894 invitum
313 1833 376 1892 filio
391 1832 557 1892 debentem
572 1834 704 1892 salutem
719 1853 815 1892 suam.

209 1929 266 1992 VI.
286 1929 397 2009 Itaque
413 1939 483 2010 post
503 1930 743 2009 expeditionem,
758 1950 850 2010 quam
865 1929 931 1990 sine
946 1950 983 1990 eo
997 1929 1118 1994 fecisset

166 2030 230 2111 ipse
245 2030 276 2089 iu
291 2028 423 2107 Illyrios,
437 2028 588 2087 victorem
608 2028 764 2107 scripsisse
780 2028 811 2087 se
827 2028 916 2106 patri,
930 2028 1013 2088 fusos
1032 2028 1118 2108 fuga·

157 2136 278 2204 tosque
292 2125 398 2183 hostes
411 2142 469 2181 neo
484 2122 616 2182 adfuisse
638 2142 769 2201 usquam
783 2122 972 2201 Philippum.
1012 2123 1118 2183 Laude

118 2234 156 2292 20
167 2222 277 2301 dignos
291 2240 366 2294 esse,
379 2240 442 2279 non
457 2219 508 2298 qui
526 2218 759 2279 Samothracum
782 2219 870 2279 initia
891 2220 1034 2293 viserent,
1048 2240 1119 2279 oum

166 2318 276 2376 Asiam
297 2317 344 2375 uri
365 2316 540 2394 vastarique
562 2326 730 2395 oporteret,
745 2316 800 2375 sed
822 2336 884 2389 eos,
899 2316 951 2395 qui
970 2318 1120 2396 magnitu-

167 2416 239 2475 dine
253 2434 355 2474 rerum
377 2413 472 2471 fidem
494 2414 742 2473 antecessissent.
784 2412 872 2473 Haeo
894 2423 926 2474 et
947 2414 994 2473 his
1009 2414 1119 2475 similia

196 2577 217 2622 1.
232 2573 399 2633 inposterum]
431 2573 470 2618 Sc.
481 2572 552 2618 dian.
660 2577 737 2619 count
747 2578 834 2619 extant
844 2574 874 2619 of
885 2587 916 2619 an
927 2576 1069 2631 expedition
1085 2576 1119 2631 hy

194 2645 216 2690 2.
232 2642 381 2702 tempestivo]
406 2641 545 2699 Bcginning
554 2640 579 2685 in
587 2632 630 2686 tlie
660 2643 803 2688 Alexander
813 2645 908 2700 against
919 2644 961 2688 the
970 2644 1084 2701 illyri-uus
1094 2645 1120 2688 in

166 2714 283 2770 daytime.
661 2710 702 2755 the
713 2711 813 2756 lisetnne
824 2711 853 2755 of
860 2710 951 2767 Philip.

101 2810 105 2820 ·
194 2783 217 2827 ὀ.
230 2780 324 2840 proris]
357 2778 513 2825 ‘Odcnsixe’
691 2780 725 2825 19.
741 2796 784 2825 nce
793 2780 913 2840 adfuisse]
944 2780 1024 2827 These
1040 2781 1119 2826 words

195 2850 216 2897 7.
232 2849 346 2908 obterere]
378 2848 430 2893 ‘To
446 2844 631 2904 disparugcss-
659 2860 701 2893 arc
713 2854 738 2893 to
748 2850 779 2893 hc
790 2850 933 2894 considered
951 2863 977 2895 as
992 2865 1007 2895 a
1024 2852 1120 2908 portion

169 2916 345 2975 Chaeroneam]
377 2917 400 2961 A
415 2917 465 2973 city
481 2916 510 2961 ef
527 2916 630 2961 Boeotia
659 2917 689 2963 of
700 2917 742 2962 the
759 2918 829 2962 letter
846 2918 871 2961 iu
883 2919 961 2963 which
979 2919 1121 2963 Alexander

167 2986 249 3031 where
273 2986 356 3042 Philip
387 2985 438 3030 had
468 2987 556 3031 routed
587 2988 629 3031 the
658 2987 790 3043 inveighcd
800 2988 896 3044 against
908 2988 945 3031 his
957 2988 1043 3033 father.

166 3055 253 3100 united
263 3055 342 3103 forces
353 3056 382 3099 of
389 3056 488 3110 Graece,
499 3056 528 3100 B.
540 3057 567 3101 c.
578 3056 629 3101 338.
688 3056 724 3101 20.
742 3056 926 3102 Samothracum
945 3058 1028 3117 initia]
1068 3056 1121 3101 The

196 3124 217 3169 8.
234 3124 273 3168 sui
291 3124 381 3183 operis]
419 3124 486 3170 'The
506 3125 584 3171 result
603 3124 633 3169 of
660 3126 878 3183 mysteriesosthe
891 3127 974 3172 Cabiri
987 3126 1121 3172 wcrccele·

167 3193 316 3239 hiscfforte’
609 3190 616 3203 '
660 3195 746 3240 brated
761 3196 785 3239 in
805 3196 971 3241 Samothrace.
1001 3195 1084 3251 Philip
1101 3195 1121 3239 is

198 3265 232 3308 ll.
247 3262 448 3322 coarsternutione]
480 3263 616 3309 ‘Tumult’
661 3265 714 3309 said
731 3268 757 3309 to
776 3264 839 3309 have
858 3266 919 3309 hoen
940 3266 1051 3310 initiated
1071 3266 1121 3309 into

198 3332 232 3377 12.
249 3347 298 3378 nort
307 3333 360 3378 alisi
374 3333 410 3391 re]
443 3333 496 3388 ‘By
510 3345 543 3377 no
559 3333 631 3377 other
661 3334 729 3379 these
743 3335 814 3378 when
826 3334 856 3379 of
868 3336 910 3379 the
925 3346 992 3379 same
1008 3347 1052 3389 age
1063 3334 1122 3378 with

167 3400 271 3446 means!
661 3402 804 3447 Alexander
814 3409 840 3446 at
853 3403 894 3463 thp
905 3404 965 3449 time
981 3404 1010 3449 os
1023 3404 1061 3449 his
1079 3415 1121 3449 ex-

198 3470 234 3516 12,
249 3470 278 3517 in
287 3468 396 3528 Ebrios]
427 3468 631 3515 Thereisnoac·
661 3470 910 3533 peditionintoAsia.
