2492 3900
304 252 472 317 mamus,
497 253 584 306 snm
607 254 659 305 uu
681 254 863 308 auroram.
1003 256 1061 317 281

107 424 247 489 Molesta
268 428 393 499 veritas,
408 430 573 510 siquidem
588 450 627 489 ex
642 441 679 490 ea
692 430 829 490 nascitur
848 430 963 505 odium,
978 434 1062 513 quod

108 535 158 587 est
173 545 326 585 venenum
349 526 518 601 arnioitiae3
540 527 594 591 sed
616 527 798 606 obsequium
820 529 918 590 multo
933 531 1063 590 molesti-

31 694 34 699 ,
107 644 154 697 us,
169 622 251 703 quod
274 621 409 702 peccatis
432 623 597 703 indulgens
618 624 818 704 praecipitem
841 626 973 685 amioum
992 627 1064 687 ferri

108 720 193 781 sinit.
233 720 372 781 Maxima
397 732 500 782 autern
527 722 617 800 eulpa
640 721 739 794 ineo,
766 721 819 800 qui
844 735 875 782 et
901 724 1063 786 veritatem

107 830 291 897 aspernatur
315 829 347 879 et
375 818 405 877 in
429 817 569 877 fraudem
593 817 741 897 obsequio
761 818 945 897 inpellitur„
969 822 1063 881 Omni
1093 829 1110 887 5

108 916 204 994 igitur
219 918 274 975 bae
288 915 318 974 in
334 936 365 974 re
381 914 525 975 habenda
539 914 617 973 ratio
632 924 664 975 et
678 914 839 995 diligentia
852 928 908 990 ost,
922 917 1063 995 primurn,

109 1022 146 1072 ut
161 1011 289 1074 monitio
304 1011 479 1085 acerbitate,
493 1011 619 1085 deinde,
633 1024 667 1071 ut
687 1012 863 1091 obiurgatio
878 1015 1063 1074 contumelia

108 1116 221 1168 eareat
262 1106 300 1167 In
312 1107 460 1186 obsequio
475 1118 589 1180 autem,
604 1108 749 1186 quoniam
765 1108 953 1168 Terentiano
968 1111 1062 1169 verbo

109 1203 243 1263 libenter
269 1204 392 1277 utimur,
421 1204 551 1264 comitas
580 1204 671 1278 adsit,
698 1204 881 1279 adsentatio,
916 1205 1062 1265 vitiorum

109 1301 253 1375 adiutrix,
267 1301 372 1380 procul
387 1312 578 1375 amoveatur,
592 1321 672 1381 quae
687 1322 750 1362 non
770 1302 865 1362 modo
884 1301 992 1376 amice,
1006 1303 1110 1367 sed10

108 1398 258 1461 delibero
272 1399 395 1478 quidem
412 1399 508 1479 digna
526 1410 594 1475 est;
616 1400 707 1459 aliter
725 1398 807 1458 enim
830 1419 900 1459 cum
921 1408 1062 1478 tyranno,

109 1494 198 1556 aliter
225 1515 295 1555 oum
330 1495 428 1555 amieo
456 1495 580 1555 vivitur.
636 1496 685 1556 90.
707 1495 804 1555 Cuius
838 1505 942 1555 autem
974 1514 1062 1554 aures

109 1591 229 1653 clausae
252 1592 376 1652 veritati
397 1602 478 1665 sunt,
501 1601 537 1652 ut
559 1593 599 1651 ab
623 1593 723 1652 amieo
748 1612 854 1651 rerum
880 1592 985 1651 audire
1012 1612 1062 1651 ne

109 1698 210 1769 queat,
232 1690 322 1749 buius
344 1690 426 1749 salus
447 1689 644 1768 desperanda
666 1699 725 1748 est.
767 1688 887 1748 Scitum
911 1699 959 1749 est
979 1688 1060 1747 enirn

108 1785 184 1846 illud
200 1786 333 1860 Catonis,
348 1796 383 1845 ut
397 1787 511 1845 multa:
533 1786 669 1845 “melius
684 1786 723 1844 de
738 1776 920 1864 quibusdam
936 1786 1061 1844 acerbos
1071 1784 1108 1842 15

109 1882 247 1943 inimicos
262 1882 371 1942 mereri
386 1902 476 1962 quum
493 1902 546 1942 eos
561 1882 687 1957 amieos,
698 1882 751 1962 qui
762 1882 868 1941 dulces
880 1883 1059 1957 videantnr3

108 1980 176 2040 illos
188 2001 292 2040 verurn
309 2001 400 2060 saepe
415 1980 525 2053 dicere,
539 1980 596 2039 bos
618 1979 815 2059 numquam.”
855 1980 962 2058 Atque
983 1981 1059 2039 illud

109 2075 285 2148 absurdum,
299 2075 381 2154 quod
396 2074 426 2147 ii,
441 2075 493 2154 qui
509 2085 685 2148 monentur,
696 2094 764 2133 earn
775 2075 955 2147 molestiam,
966 2095 1059 2153 quarn

109 2172 223 2231 debent
238 2190 355 2250 capere,
369 2192 429 2230 non
456 2170 592 2249 capiunt,
608 2190 677 2229 eam
699 2171 835 2249 capiunt,
857 2181 918 2250 qua
944 2171 1060 2230 debent

109 2286 225 2328 vaoaro.
276 2267 428 2328 Peooasse
453 2267 536 2326 enirn
564 2286 596 2326 se
624 2287 688 2327 non
713 2277 878 2346 anguntur,
905 2267 1059 2345 obiurgari
1069 2267 1107 2324 20

109 2364 236 2424 moleste
250 2365 372 2439 ferunt3
394 2364 474 2444 quod
500 2373 610 2424 contra
631 2364 804 2444 oportebat,
819 2363 932 2423 delicto
947 2362 1059 2436 dolere,
1131 2438 1135 2446 .

109 2461 296 2521 correctione
310 2462 454 2541 gaudere.

147 2556 255 2619 XXV.
277 2559 324 2618 91.
365 2557 414 2618 Ut
428 2558 523 2636 igitur
537 2565 570 2618 et
584 2577 709 2617 monere
724 2568 757 2617 et
771 2557 887 2616 moneri
902 2557 1060 2636 proprium

110 2663 155 2714 est
169 2675 259 2716 verae
275 2654 427 2716 amicitiae
443 2666 475 2715 et
490 2655 620 2714 alterum
637 2654 732 2714 libere
746 2655 931 2726 lateranen
946 2674 1060 2733 aspere,

110 2754 238 2812 alterum
253 2752 407 2832 patienter
421 2751 567 2831 accipere,
582 2771 644 2810 non
657 2761 874 2830 repugnanter,
889 2750 935 2810 sie
949 2751 1060 2810 baben·
1069 2753 1108 2812 25

110 2847 181 2907 dum
197 2859 244 2908 est
259 2849 372 2908 nullam
385 2848 414 2907 iu
428 2847 571 2907 amicitiis
586 2857 706 2926 pestem
722 2866 790 2906 esse
804 2847 951 2906 maiorem
967 2867 1060 2926 quam

110 2945 325 3017 adulationem,
337 2944 528 3017 blanditiam,
540 2944 788 3004 adsentationem
800 2963 809 3018 3
823 2944 963 3022 quamvis
977 2943 1060 3004 enim

22 3121 26 3130 Ι
110 3041 213 3102 ιιιιιΙιίε
243 3042 418 3102 nominibus
442 3049 490 3101 est
518 3042 578 3101 hoe
604 3041 715 3101 vitium
739 3040 913 3101 notandum
943 3041 1059 3101 levium

136 3199 158 3246 8.
176 3193 412 3260 Terentiano'verbo]
444 3202 482 3246 ‘A
499 3200 569 3247 word
598 3212 676 3257 many
685 3211 809 3246 numeras
824 3199 962 3257 possible&
976 3214 1059 3260 meam·

110 3271 235 3317 borrowed
246 3272 309 3316 from
319 3270 444 3316 Terence!
597 3268 634 3314 vir
655 3269 699 3313 bns
720 3269 779 3314 here
799 3269 930 3315 thesemo
949 3268 1060 3314 osvaldo

137 3340 171 3386 15.
186 3345 214 3386 ut
223 3341 310 3400 murra]
328 3342 379 3386 ‘As
396 3352 473 3398 many
488 3339 518 3387 ot
529 3339 568 3386 his
598 3350 627 3385 or
640 3337 779 3394 admodum,
790 3350 806 3383 a
823 3338 985 3395 rignifimtion
1000 3339 1077 3382 uris--

110 3410 207 3466 suyings
221 3409 280 3454 ure!
597 3408 641 3463 ing
657 3408 723 3452 from
738 3410 781 3453 tire
799 3409 961 3465 composition
980 3409 1060 3453 ottho

136 3477 171 3523 21.
187 3477 258 3538 prend]
290 3475 442 3524 ‘Whereas’
597 3475 763 3533 nordmanna
778 3477 860 3532 volo),
878 3476 993 3534 literully,
1012 3477 1060 3533 ‘by

135 3547 172 3598 27.
187 3546 434 3609 manvia-multia]
465 3547 519 3606 ‘By
540 3557 568 3594 us
597 3545 902 3604 asmunyaryouwisu)
