2492 3900
196 234 256 297 224
463 232 502 285 M.
527 232 654 286 TULLII
674 231 874 286 CICERONIS

196 412 274 471 riam
286 410 486 492 pertinerent,
499 409 558 469 nisi
578 410 682 469 anime
696 419 866 484 cernerent,
879 410 1095 490 posteritatem
1109 411 1149 473 ed

197 530 230 570 se
245 508 408 588 pertinere.
450 508 502 579 An
525 528 641 581 censes,
661 518 697 567 ut
720 508 760 567 de
781 528 830 567 me
851 507 920 586 ipso
933 508 1049 588 aliquid
1064 530 1149 569 more

197 627 305 667 senum
319 605 439 684 glorier,
456 624 504 664 ine
519 614 624 664 tantos
643 605 764 663 labores
778 605 905 663 diurnos
921 614 1149 684 nocturnosque

197 702 282 762 domi
295 702 484 781 militiaeque
504 712 718 779 suscepturum
740 701 843 774 fuisse,
857 700 885 760 si
898 700 1016 759 eisdem
1037 701 1149 761 finibus

168 798 327 877 bglorium
357 818 467 871 meam,
497 797 607 876 quibus
636 797 743 871 vitum,
771 817 870 857 essem
903 796 1150 857 terminaturus?

197 895 311 955 Nonne
336 896 435 954 multo
459 894 569 953 melius
591 893 708 967 fuisset,
723 894 855 953 otiosam
869 903 1004 953 aetatem
1018 903 1050 953 et
1061 896 1150 974 quie·

197 1001 262 1051 tam
287 990 354 1051 sine
380 991 442 1051 ullo
464 1000 518 1051 aut
542 990 647 1050 lubere
670 1000 725 1050 eut
745 989 943 1050 contentione
964 990 1150 1050 traducere?

199 1089 261 1149 Sed
283 1088 387 1149 neseio
407 1109 468 1167 que
486 1088 581 1155 modo
606 1088 726 1147 animus
746 1088 867 1166 erigens
887 1106 922 1147 se
935 1087 1151 1166 posteritatem

197 1186 242 1247 ita
262 1207 384 1266 semper
404 1186 619 1265 prospiciebat,
634 1186 730 1264 qnasi,
750 1204 821 1245 eum
842 1184 1024 1244 excessisset
1043 1204 1060 1244 e
1076 1184 1150 1259 vitri,

148 1289 186 1349 10
197 1294 265 1345 tum
285 1283 419 1363 deniquo
444 1282 582 1343 victurus
604 1292 696 1343 esset.
737 1281 831 1353 Quod
852 1281 978 1361 quidem
999 1282 1033 1341 ui
1052 1282 1097 1342 ita
1116 1301 1151 1343 se

197 1382 333 1455 heberet,
347 1389 383 1439 ut
398 1378 493 1439 animi
507 1378 688 1439 inmortales
704 1389 817 1453 essent,
828 1378 913 1439 haud
927 1379 1037 1458 optimi
1051 1379 1151 1439 cuius·

197 1498 257 1558 que
272 1476 392 1537 animus
414 1476 549 1535 maxime
569 1475 609 1534 ad
631 1474 888 1536 inmortalitatem
909 1475 1025 1555 gloriae
1040 1476 1151 1536 nitere-

125 1626 137 1643 ,
197 1585 255 1633 tur.
298 1575 344 1634 83.
366 1572 459 1646 Quid,
468 1570 551 1653 quod
566 1571 812 1651 sapientissimus
825 1572 953 1651 quisque
964 1572 1150 1651 aequissimo

198 1671 301 1729 animo
316 1670 454 1742 moritur,
475 1668 676 1729 stultissimus
697 1668 913 1748 iniquissimo?
935 1689 1039 1728 nonne
1061 1670 1150 1729 vobis
1240 1689 1241 1700 ¹

149 1770 186 1829 15
197 1764 321 1823 videtur
335 1764 454 1823 animus
468 1764 503 1836 is,
517 1762 569 1842 qui
584 1764 654 1840 plus
667 1774 773 1822 cernat
787 1774 820 1822 et
834 1763 966 1841 longius,
987 1764 1101 1838 videre,
1116 1784 1150 1824 se
1240 1833 1241 1840 ἵ

196 1861 236 1920 ud
264 1861 391 1920 meliora
425 1858 594 1940 proiieisei;
615 1860 667 1919 ille
695 1870 808 1933 autem,
835 1859 923 1919 cuius
946 1860 1084 1920 obtusior
1110 1860 1152 1919 sit
1240 1853 1241 1860 ἵ

196 1960 286 2033 acies,
310 1979 373 2018 non
401 1957 532 2018 videre?
587 1956 744 2037 Equidem
777 1958 887 2017 efferor
914 1957 1020 2017 studio
1047 1968 1151 2037 patres

196 2066 324 2130 vestros,
339 2075 417 2135 quos
440 2053 520 2113 colui
545 2063 577 2114 et
600 2054 703 2128 dilexi,
716 2054 862 2131 videndi3
883 2074 984 2134 neque
1000 2075 1075 2115 vero
1095 2075 1150 2115 eos
1241 2094 1242 2099 κ

196 2154 277 2214 solos
292 2152 456 2213 convenire
471 2172 557 2226 aveo,
571 2172 649 2232 quos
662 2152 728 2232 ipse
742 2152 884 2232 cognovi,
898 2152 1033 2212 sedilios
1046 2153 1150 2226 etiarn,

90 2268 98 2292 ·
147 2250 186 2308 20
197 2249 235 2309 de
252 2250 362 2330 quibus
376 2249 481 2310 audiri
495 2259 528 2310 et
541 2250 604 2328 legi
627 2257 660 2309 et
682 2248 749 2328 ipso
770 2248 947 2328 conscripsi.
990 2248 1062 2320 Quo
1086 2249 1151 2330 qui·

196 2347 268 2407 dem
283 2367 332 2406 me
345 2345 592 2428 proficiscentem
604 2345 689 2404 haud
704 2365 776 2404 sune
792 2345 860 2426 quis
873 2346 962 2405 facile
977 2346 1149 2420 retraxerit,

196 2465 295 2525 neque
318 2454 477 2524 tamquam
498 2443 619 2502 Peliam
643 2442 805 2502 reeoxerit.
859 2441 912 2517 Et,
926 2442 952 2502 si
978 2443 1047 2522 quis
1074 2443 1151 2502 deus

194 2591 332 2664 piuperrect'
349 2603 518 2661 subjunetires
538 2601 592 2648 into
613 2602 657 2648 the
685 2601 732 2647 has
742 2615 836 2649 amors
854 2602 981 2649 extended
997 2602 1067 2660 view,
1082 2606 1151 2648 mest

195 2676 356 2734 periphrastic
366 2674 497 2718 infinitivus
507 2673 534 2718 in
543 2687 597 2718 -rru
606 2687 657 2718 esee
687 2683 727 2716 see
737 2672 792 2716 that
802 2671 852 2716 itis
863 2670 994 2727 depurting
1003 2678 1029 2715 to
1041 2684 1057 2715 e
1070 2672 1150 2717 better

195 2743 402 2806 end-russatus.
428 2743 513 2788 Hence
521 2742 658 2788 weshould
687 2739 910 2794 worid‚whilston
926 2739 968 2783 the
983 2738 1149 2795 otirerhand,’

195 2814 258 2860 have
288 2813 408 2871 expected
439 2813 498 2857 here
527 2817 658 2857 conaturos
686 2811 732 2854 ete.

194 2897 252 2928 esre.
283 2882 403 2938 Compare
422 2880 449 2926 in
468 2879 510 2926 the
528 2878 659 2936 following
715 2876 750 2924 17.
765 2874 839 2936 acies]
861 2874 1149 2934 ‘Diseemment.'-pa·

196 2954 309 2995 sentence
330 2950 372 2994 the
392 2947 472 2994 forms
491 2951 658 3018 suscepturum
686 2950 734 2992 tres
752 2945 997 3002 vestroe-videndi]
1050 2947 1074 2991 A
1093 2957 1150 2990 con·

195 3017 394 3082 fuisso-esrem
409 3016 591 3063 terminaturus.
687 3017 806 3061 struction
816 3027 870 3060 rure
879 3013 1001 3060 iucieero
1011 3014 1051 3060 tor
1059 3015 1101 3061 the
1108 3028 1150 3072 ge·

224 3087 247 3132 4.
262 3085 327 3132 domi
345 3083 502 3146 nrilitiaeque]
542 3083 581 3130 Cf.
599 3090 658 3130 note
687 3086 799 3132 rundivo.

195 3169 230 3204 on
238 3155 316 3214 humi,
327 3155 392 3203 Ovid
402 3157 422 3201 1.
433 3156 485 3204 207.
716 3154 753 3202 20.
767 3152 908 3214 comerrien]
948 3153 1031 3201 lethe
1054 3154 1150 3212 ‘Origi-

226 3229 262 3272 ll.
277 3225 429 3286 ret-essent]
447 3227 471 3272 A
481 3225 564 3271 clause
574 3225 601 3272 ln
615 3237 658 3284 ap·
687 3224 748 3272 nes!

195 3297 301 3356 position
312 3296 373 3340 with
384 3295 453 3353 qued.
715 3292 752 3339 22.
767 3293 874 3353 Peliam]
891 3294 1032 3349 According
1046 3297 1072 3340 to
1086 3293 1151 3340 ovio

227 3365 261 3409 15.
277 3363 355 3422 qui·
363 3363 467 3422 lecytus]
500 3362 553 3407 The
564 3363 620 3408 idea
627 3363 657 3419 is,
687 3361 706 3407 it
716 3374 767 3406 was
776 3368 820 3407 uot
830 3359 912 3407 Pelius
920 3363 1033 3408 whowas
1041 3362 1151 3408 restored

196 3435 252 3479 ‘Do
268 3445 318 3489 you
336 3437 380 3477 not
399 3432 471 3476 think
492 3432 545 3476 thet
561 3432 622 3475 such
642 3442 658 3475 e
687 3434 713 3475 to
723 3431 794 3486 vigor
810 3430 860 3476 and
874 3432 964 3487 youth,
981 3433 1027 3477 hut
1043 3432 1081 3477 his
1097 3432 1155 3478 hali

195 3501 266 3549 minii
275 3500 334 3545 esis
349 3511 418 3546 more
428 3497 596 3556 eniightened,
606 3499 658 3544 end
687 3497 796 3553 brother,
806 3499 899 3555 Aeson,
910 3498 1008 3546 Jusen’s
1017 3499 1106 3547 iether.
