2492 3900
308 250 526 302 ALEXANDRI
548 249 670 302 MAGNI
693 251 805 303 LIBER
827 253 863 304 V.
1007 253 1063 314 115

110 427 251 509 Aegypti
271 435 414 507 penetrat
439 427 668 507 conpositisque
689 427 781 488 rebus
804 429 858 502 ita,
880 437 915 489 ut
935 430 1010 490 nihil
1025 450 1064 490 er

110 528 213 605 patrio
234 525 462 603 Aegyptiorum
487 544 573 583 more
594 534 738 598 mutaret,
759 526 843 584 adire
863 524 949 585 Iovis
970 525 1065 585 Ham-

111 622 210 682 monis
226 622 383 680 oraculum
399 621 518 680 statuit.

151 719 195 778 ΙΙ.
215 718 281 778 Iter
302 717 455 796 expeditis
469 736 590 795 quoque
605 726 638 776 et
651 717 756 796 paucis
775 719 828 777 vix
844 718 1003 778 tolerabile
1022 718 1065 778 in-

111 815 314 894 grediendum
329 822 412 872 erat:
434 823 515 872 terra
535 812 681 892 caeloque
704 833 851 892 aquarum
866 814 994 893 penuria
1007 824 1064 888 est,
1094 814 1112 873 5

112 912 232 971 steriles
257 930 366 969 arenae
390 909 503 982 iacent,
524 928 600 988 quas
622 909 676 969 ubi
698 929 794 988 vapor
814 911 889 971 solis
913 911 1064 985 accendit,

111 1009 231 1068 fervido
253 1007 319 1067 solo
334 1015 483 1065 exurente
497 1006 640 1084 vestigia,
653 1005 853 1067 intolerabilis
869 1017 972 1067 aestus
988 1007 1065 1067 exsi-

111 1106 176 1166 stit.
205 1104 463 1181 Luctandumque
477 1111 525 1161 est
538 1122 602 1161 non
615 1102 716 1161 solum
730 1123 800 1162 curn
814 1103 922 1163 ardore
937 1115 969 1164 et
982 1103 1066 1164 sicci-

111 1213 178 1263 tate
193 1201 335 1280 regionis,
348 1201 403 1259 sed
425 1198 520 1258 etiam
541 1218 611 1257 cum
633 1197 829 1259 tenacissimo
851 1200 967 1274 sabulo,
981 1201 1065 1280 quod

111 1300 285 1380 praealtum
307 1307 340 1357 et
361 1295 496 1374 vestigio
520 1295 643 1354 cedens·
658 1315 748 1374 aegre
772 1297 941 1357 moliuntur
961 1297 1064 1376 pedes.
1075 1293 1113 1370 10

111 1396 201 1456 Haec
214 1393 367 1474 Aegyptii
381 1413 454 1453 vero
468 1391 584 1474 maiora
597 1391 763 1451 iactabant.

152 1491 213 1551 111.
236 1491 299 1550 Sed
313 1487 551 1568 ingenseupido
571 1486 708 1560 animum
729 1488 909 1550 stimulabat
930 1489 1066 1549 adeundi

13 1616 14 1619 ¹
112 1588 231 1661 Iovem,
256 1607 348 1667 quem
376 1585 499 1665 generis
520 1584 567 1643 sui
595 1593 762 1657 auctorem,
790 1586 874 1645 haud
901 1596 1064 1647 contentus

111 1684 236 1745 mortali
256 1682 389 1762 fastigio,
404 1691 458 1740 aut
478 1681 623 1740 credebat
644 1700 712 1739 esse
739 1691 793 1741 aut
820 1683 904 1742 credi
932 1684 1065 1744 volebat.

61 1821 65 1826 -
111 1783 199 1862 Ergo
227 1801 298 1840 cum
326 1780 382 1853 his,
396 1798 473 1858 quos
493 1778 604 1836 ducere
627 1797 730 1836 secum
752 1789 913 1853 statuerat,
928 1780 1065 1840 secundo
1076 1771 1113 1830 15

13 1928 14 1931 ,
112 1899 204 1940 amne
232 1876 393 1938 descendit
425 1876 464 1934 ad
492 1873 644 1933 Mareotin
679 1876 834 1954 paludem.
888 1876 937 1937 Eo
972 1876 1066 1956 legati

13 2009 14 2016 1
114 1975 338 2056 Cyrenensium
361 1974 442 2033 dona
463 1973 603 2045 attulere,
620 1991 738 2050 pacem,
752 1985 784 2033 et
798 1986 834 2034 ut
855 1975 954 2035 adiret
976 1976 1066 2035 urbes

112 2094 194 2147 suas,
208 2081 360 2152 petentes.
385 2070 453 2143 Ille,
467 2068 556 2127 donis
570 2070 704 2147 acceptis
717 2072 909 2151 amicitiaque
924 2072 1067 2131 coniunc-

112 2182 155 2245 ta,
183 2171 339 2229 destinata
366 2165 494 2245 exsequi
522 2165 632 2244 pergit.
682 2166 732 2227 Ac
759 2168 858 2247 primo
882 2169 1006 2248 quidem
1035 2177 1067 2228 et

112 2268 256 2348 sequenti
270 2266 321 2325 die
334 2264 503 2325 tolerabilis
525 2263 611 2321 labor
625 2262 718 2339 visus,
733 2266 871 2343 nondum
890 2280 954 2327 tam
969 2266 1065 2326 vastis
1076 2269 1115 2329 20

142 2428 165 2473 2.
178 2424 378 2486 patrio-more]
417 2422 469 2468 The
493 2422 577 2479 Egyp-
637 2423 672 2468 14.
687 2425 787 2469 mortali
790 2424 907 2485 fastigio]
925 2426 1067 2471 ‘Thasum-

112 2500 179 2545 tians
189 2510 254 2542 were
263 2508 323 2553 very
333 2494 460 2540 tenacious
474 2492 503 2537 of
515 2492 578 2537 their
606 2494 653 2538 mit
663 2494 692 2538 os
698 2494 791 2539 human
802 2494 956 2550 greamcss.''

113 2572 234 2620 anatome,
254 2564 305 2609 and
324 2561 454 2619 especially
472 2561 502 2605 of
513 2560 577 2606 their
637 2563 672 2608 15.
688 2577 745 2620 quos
770 2563 864 2621 deicere]
919 2562 973 2608 The
996 2576 1067 2619 army

113 2637 232 2693 religione
243 2634 311 2679 riter.
605 2632 728 2677 consisted
745 2632 774 2677 ol
788 2632 844 2677 four
864 2631 988 2678 thousand
1016 2632 1068 2677 root

143 2705 166 2750 5.
182 2706 251 2749 ιεννᾶ
260 2700 378 2761 caeloque]
425 2698 518 2744 ‘From
534 2698 576 2743 the
605 2700 709 2745 soldiers
719 2699 768 2744 and
779 2699 846 2744 three
862 2700 976 2745 hundred
986 2700 1067 2746 horse.

113 2775 213 2832 springs
223 2773 272 2817 und
283 2769 387 2817 clouds!
416 2769 482 2814 Ruln
496 2767 577 2825 rarely
606 2768 744 2814 -sccundc
770 2769 852 2828 amne]
902 2770 996 2816 ‘Down
1026 2770 1068 2816 thc
1107 2776 1110 2783 '

113 2843 173 2889 falls
185 2844 209 2887 in
220 2842 312 2897 Egypt.
490 2843 495 2853 '
606 2838 713 2895 stream‚’
724 2839 739 2883 i.
752 2851 773 2884 e.
785 2840 827 2885 the
844 2838 868 2884 N
871 2840 909 2885 ilc.

144 2913 167 2957 6.
183 2909 302 2969 accendit]
335 2907 447 2953 ‘Beata’
638 2912 673 2957 16.
689 2910 820 2971 Mareotin]
847 2912 972 2957 Alukein
982 2912 1068 2959 Lower

144 2980 167 3029 7.
181 2977 293 3037 oesnyic]
325 2978 340 3022 i.
349 2990 370 3023 c.
383 2976 425 3021 the
436 2976 491 3021 feet.
607 2980 699 3038 Egypt,
712 2986 755 3026 not
765 2980 803 3025 lar
813 2980 878 3026 from
889 2981 1053 3029 Alexandria

144 3050 167 3095 9.
182 3046 345 3105 tenacissimo]
385 3046 476 3089 Which
487 3043 578 3090 retard-
638 3050 672 3098 17.
691 3050 875 3110 Cyrenensium]
906 3052 1002 3109 Cyrene
1017 3063 1068 3097 was

114 3119 148 3167 ed
158 3119 207 3164 and
217 3117 330 3174 impeded
340 3118 533 3173 theirprogress.
606 3132 622 3163 a
637 3120 718 3165 Greek
734 3119 823 3175 colony
843 3132 874 3164 on
890 3121 931 3165 tho
949 3130 1017 3167 coast
1036 3120 1066 3167 ol’
1100 3163 1102 3167 ,

147 3189 182 3235 10.
197 3186 290 3246 cederes]
316 3185 463 3241 ‘Yielding‚’
480 3197 508 3230 so
524 3184 578 3228 that
606 3190 636 3234 of
647 3190 740 3245 Africa,
752 3196 811 3235 west
820 3190 849 3235 ot'
861 3190 952 3247 Egypt.

114 3259 159 3303 the
170 3257 222 3302 foot
237 3257 299 3301 sank
310 3257 353 3301 the
369 3256 577 3313 desporf-aeqrc
637 3258 671 3302 18.
686 3258 840 3316 amicitiaque
850 3257 986 3316 coniuncte]
997 3259 1069 3304 ‘And

114 3325 260 3385 moliuntur]
306 3325 436 3382 ‘struggle
468 3325 577 3381 through
607 3326 699 3382 having
709 3326 926 3382 forrncdaleaguc
937 3326 966 3371 of
978 3327 1069 3371 friend-

115 3397 178 3442 with
188 3395 326 3452 difficulty)
609 3394 681 3451 ships

149 3465 184 3509 11.
201 3462 441 3522 Haec-iactabant]
468 3463 579 3521 ‘Magni-
637 3463 673 3508 20.
688 3462 773 3523 vastis]
821 3461 939 3517 ‘wine’
950 3461 1068 3506 ‘unculti-

115 3533 168 3579 fied
184 3533 254 3578 these
270 3532 427 3577 difficulties!
609 3532 699 3579 vated!
