2492 3900
302 260 518 311 assxsunar
542 261 663 313 nsunt
686 261 855 312 narrar.
991 261 1049 321 126

97 435 182 496 bari:
205 457 313 497 aurum
335 448 557 517 argentumque
580 439 771 498 cumulatum
793 447 868 511 erat,
889 436 985 497 vestis
1006 435 1051 498 iu·

97 554 175 611 gens
199 535 318 609 modus,
342 536 480 613 supellex
504 556 566 594 non
593 536 631 594 ad
658 556 756 608 usum,
778 535 832 594 sed
854 534 894 593 ad
916 544 1050 594 ostenta·

96 630 215 690 tionem
239 632 330 691 luxus
346 643 530 711 comparata.
571 631 683 713 Itaque
706 633 788 692 inter
812 632 894 712 ipsos
917 631 1050 691 victores

96 727 178 788 ferro
206 728 426 789 dimicabatur:
457 749 513 807 pro
537 730 627 789 hoste
652 739 726 804 erat,
756 729 807 809 qui
836 728 1048 808 pretiosiorem

97 835 302 904 occupaverat
316 825 478 903 praedam:
499 835 615 886 etcum
630 825 741 899 omnia,
753 845 831 905 quae
846 824 1048 904 reperiebant,
1078 824 1096 882 5

96 941 207 1000 capere
228 941 290 981 non
314 931 452 1001 possent,
475 920 537 981 iam
561 943 609 982 res
638 944 699 982 narn
729 922 966 1001 occupabantur,
992 921 1047 982 sed
1144 989 1148 998 Δ

96 1017 347 1078 aestimabantur.
388 1017 580 1077 Lacerabant
604 1019 704 1097 regias
726 1030 838 1091 restes,
853 1017 891 1077 ad
914 1038 946 1075 se
967 1017 1048 1096 quis·

95 1134 157 1192 que
184 1124 303 1192 partem
330 1115 511 1174 trahentes:
543 1113 676 1173 dolabris
699 1114 851 1193 pretiosae
879 1114 953 1174 artis
975 1133 1048 1173 vasa

95 1211 284 1271 caedebant:
305 1211 381 1270 nibil
402 1231 502 1289 neque
523 1210 674 1270 intactum
690 1221 757 1270 erat
772 1230 871 1290 neque
892 1209 1047 1288 integrum

93 1307 267 1366 ferebatur:
289 1306 419 1386 abrupta
439 1306 671 1368 simulacrorum
693 1307 839 1380 membra,
860 1314 896 1366 ut
917 1305 1046 1386 quisquc
1057 1310 1095 1371 10

95 1403 252 1476 avelleret,
266 1404 417 1463 trahebat.

134 1497 194 1559 XI.
214 1499 325 1578 Neque
350 1499 479 1559 avaritia
499 1500 609 1572 solum,
634 1499 687 1559 sed
709 1498 803 1560 etiam
824 1499 990 1560 crudelitas
1013 1498 1046 1560 in

94 1605 187 1674 capta
206 1595 282 1654 urbe
302 1608 440 1674 grassata
461 1606 526 1656 est:
548 1615 622 1654 auro
644 1606 834 1674 argentoque
856 1595 958 1655 onusti
973 1595 1047 1656 vilia

94 1689 288 1769 captivorum
302 1710 429 1770 corpora
443 1690 647 1763 trucidabant,
660 1691 835 1769 passimque
848 1689 930 1750 obvii
942 1689 1047 1752 caede-

93 1787 306 1867 bantur,·quos
321 1798 394 1846 aute
407 1787 543 1866 pretium
553 1786 601 1846 sui
612 1786 800 1846 miserabiles
815 1786 939 1848 fecerat.
968 1785 1095 1851 Mul-15

92 1883 119 1944 ti
133 1904 207 1965 ergo
222 1884 354 1943 hostiurn
370 1903 479 1943 manus
494 1883 669 1943 voluntaria
688 1892 788 1942 morte
809 1891 1046 1962 occupaverunt,

92 1982 316 2061 pretiosissima
339 1981 472 2040 restium
495 1980 597 2041 induti
621 2000 639 2040 e
665 1980 758 2040 muris
778 1980 960 2060 semetipsos
975 1999 1046 2039 oum

93 2076 275 2156 coniugibus
297 2096 333 2135 ao
354 2076 457 2135 liberis
482 2076 514 2134 in
537 2095 683 2155 praeceps
709 2074 865 2143 iacientes.
906 2072 1044 2146 Quidam

92 2174 180 2252 ignes
197 2174 295 2254 (quod
309 2171 413 2252 paullo
435 2184 507 2251 post
520 2173 655 2232 facturus
673 2171 771 2231 hostis
785 2171 961 2249 videbatur)
979 2169 1048 2230 sub·

91 2272 229 2331 ieceranr
250 2270 388 2342 aedibus,
401 2280 437 2329 ut
451 2290 522 2329 cum
542 2269 606 2328 suis
628 2268 690 2327 vivi
716 2279 933 2329 cremarentur.
995 2265 1046 2325 In·
1054 2269 1094 2331 20

92 2388 170 2447 gens
183 2367 322 2445 captivae
336 2366 485 2444 pecuniae
498 2366 610 2424 modus
624 2364 766 2437 traditur,
779 2382 876 2443 prope
896 2373 931 2422 ut
952 2361 1046 2421 fidem

92 2464 231 2525 excedat.
273 2464 418 2523 Ceterum
442 2472 496 2523 aut
521 2462 559 2521 de
585 2460 652 2520 aliis
677 2480 800 2539 quoqne
826 2459 1046 2531 dubitabimus,

122 2606 143 2651 l.
159 2605 244 2664 irrqerar
272 2602 366 2662 moritu]
418 2602 506 2646 Modus
532 2602 553 2645 is
584 2600 700 2655 captives,
712 2598 766 2643 that
783 2597 856 2655 proiit
874 2596 1045 2653 mightbedc-

92 2676 154 2721 used
164 2675 243 2719 astho
258 2684 370 2719 measure
380 2671 410 2717 of
423 2671 553 2728 anythiug,
582 2669 653 2713 rived
663 2667 726 2712 from
738 2666 802 2711 their
812 2666 871 2711 sale.

91 2741 409 2803 memiaqayrgeta·
614 2738 649 2783 16.
664 2734 848 2793 occupauerunt]
903 2733 1046 2789 ‘Anticlpa-

120 2814 143 2859 6.
159 2809 252 2870 capere]
265 2808 555 2865 ‘C.1rryoif.’-oeeupa·
583 2806 642 2852 ted!
681 2806 759 2861 Many
792 2804 869 2849 killed
898 2802 1046 2848 themselves

91 2880 190 2940 baniar]
214 2881 248 2925 At
258 2880 317 2933 first,
326 2878 351 2923 in
360 2877 553 2934 accingas-ay,
583 2875 668 2921 rather
685 2874 746 2919 tlara
769 2878 833 2917 meet
859 2870 932 2917 death
954 2875 980 2915 at
1004 2872 1046 2916 the

92 2950 133 2995 the
160 2948 264 2993 soldiers
289 2946 369 2991 seizcd
386 2958 452 3001 upon
468 2957 553 2999 every-
582 2944 662 2989 hands
673 2943 702 2988 oi
717 2943 759 2987 the
775 2952 872 2997 enemy.

91 3088 180 3141 words,
196 3087 237 3132 the
254 3086 326 3131 valere
350 3084 380 3129 oi
392 3084 432 3128 the
448 3084 553 3140 plunder
582 3082 686 3138 arruyed
697 3080 846 3126 themselves
864 3078 889 3123 in
907 3078 971 3123 their
981 3080 1047 3122 most

92 3171 142 3203 was
152 3158 227 3201 arken
238 3157 290 3200 into
300 3154 477 3199 consideration
490 3155 552 3210 (aee-
582 3151 661 3207 eostly
673 3152 807 3207 garments,
819 3160 845 3193 as
860 3148 899 3193 sor
909 3148 951 3192 tho
961 3158 1044 3203 gaave.

91 3225 260 3280 timebantur).
612 3220 648 3265 19.
659 3215 896 3278 quod-ridebatur]
909 3220 915 3240 ¹
926 3215 1016 3259 Which
1026 3214 1046 3262 it

121 3294 143 3339 8.
158 3291 274 3351 dolerbrr's]
320 3290 422 3346 ‘Axesss
436 3289 498 3334 used
518 3301 555 3334 es·
584 3289 683 3335 seemed
701 3287 777 3343 likely
796 3287 838 3331 the
856 3297 944 3340 enemy
961 3282 1047 3329 would

77 3363 196 3420 'pecially
207 3362 246 3406 ior
256 3360 349 3413 tearlng
359 3360 432 3404 dorm
442 3358 539 3401 houses.
584 3358 679 3413 shortly
691 3357 740 3402 do.’

122 3432 157 3477 15.
170 3428 428 3491 pretium-fecerat]
461 3427 553 3471 ‘Their
611 3424 648 3467 22.
665 3418 919 3479 aret-dubitabimus]
945 3418 1046 3463 ‘Either

92 3482 166 3546 raldo
179 3499 230 3545 had
246 3498 318 3543 made
336 3497 428 3551 olrjeets
443 3494 472 3539 of
482 3492 552 3550 puy!
582 3507 619 3538 wc
630 3497 698 3537 must
713 3492 829 3537 discredit
840 3489 880 3533 tho
890 3488 962 3531 other
972 3490 1045 3531 state·

93 3571 201 3617 Soldiers
212 3581 276 3615 were
288 3574 353 3613 wout
368 3572 394 3611 to
410 3563 554 3621 sparetheir
583 3565 664 3606 ments
671 3560 782 3615 mauleby
792 3556 987 3610 tirouuthor,or,'
999 3556 1044 3597 ete.
