2492 3900
258 286 354 340 CATO
377 287 510 350 MAIOR,
535 286 621 340 SIVE
646 288 696 339 mr
721 288 948 342 senscrunt
1015 290 1075 351 207

119 483 234 544 vapore
248 474 281 525 et
295 485 461 545 conpressu
475 486 531 526 suo
552 465 686 527 diffindit
700 476 732 527 et
746 466 829 527 elicit
842 467 1075 528 herbescentem

121 581 161 621 ex
186 582 221 621 eo
243 562 432 622 viriditatem
441 583 449 637 ;
475 582 553 642 quae
581 564 657 623 nixa
682 564 768 624 fibris
795 564 938 643 stirpium
960 564 1076 625 sensim

122 658 279 732 adulescit,
295 660 457 738 culmoque
472 662 575 719 erecta
585 660 763 738 geniculato
777 660 897 739 vaginis
912 661 973 720 iam
988 661 1076 740 quasi

121 758 290 836 pubescens
305 756 482 829 includitur,
495 776 511 815 e
528 756 640 835 quibus
661 778 732 816 cum
752 757 886 831 emersit,
900 758 1003 819 fundit
1016 759 1076 817 fru-

33 868 36 873 “
121 874 191 932 genr
217 853 292 932 spici
317 853 423 912 ordine
446 862 597 913 structam
617 863 649 913 et
669 864 778 913 contra
798 854 1076 937 aviumgminorum
1104 853 1122 911 5

122 970 240 1008 morsus
257 949 393 1007 munitur
406 948 488 1008 vallo
503 949 677 1008 aristarum.
719 949 766 1009 52.
788 950 872 1021 Quid
892 970 951 1029 ego
965 950 1077 1011 vitium

122 1057 217 1118 ortus,
232 1054 324 1117 satus,
339 1045 529 1105 incrementa
543 1047 808 1105 commemorem?
851 1046 964 1106 Satiari
978 1047 1077 1107 delec-

121 1141 239 1200 tatione
251 1162 312 1199 non
323 1161 457 1220 possum,
469 1152 604 1215 utmeae
619 1141 786 1202 senectutis
797 1142 968 1221 requietem
979 1144 1077 1203 oblee-

122 1246 355 1316 tamentumque
370 1238 512 1298 noscatis.
556 1237 679 1297 Omitto
694 1238 778 1297 enim
788 1238 852 1298 vim
866 1239 965 1318 ipsum
980 1239 1077 1298 omni·

76 1366 78 1371 .
122 1353 184 1406 um,
198 1353 276 1412 quae
296 1344 483 1413 generantur
497 1354 514 1394 e
529 1344 714 1414 terra‚·quae
729 1354 768 1393 ex
778 1334 828 1393 lici
843 1335 964 1394 tantulo
978 1355 1076 1413 grano
1086 1332 1123 1391 10

124 1442 178 1490 aut
205 1450 243 1489 ex
271 1430 350 1490 acini
378 1431 506 1491 vinaceo
538 1441 592 1490 aut
620 1452 659 1490 ex
686 1440 858 1490 ceterarum
886 1431 1009 1511 frugum
1040 1452 1077 1493 ae

124 1522 263 1601 stirpium
279 1523 492 1583 minutissimis
506 1523 674 1583 seminibus
696 1534 800 1583 tantos
821 1532 947 1582 truncos
962 1544 1078 1592 >ramos

125 1640 183 1699 que
197 1630 355 1699 procreet;
377 1620 520 1693 malleoli,
542 1619 678 1698 plantae,
700 1630 864 1694 sarmenta,
884 1619 1076 1696 viviradices,

124 1716 317 1796 propagines,
332 1736 436 1775 nonne
448 1737 485 1775 ea
495 1716 640 1791 efficiunt,
656 1725 691 1776 ut
705 1716 846 1795 quemvis
862 1737 932 1776 cum
947 1718 1077 1777 admira-

124 1814 209 1873 tione
234 1814 413 1874 delectent?
454 1814 539 1874 Vitis
565 1814 699 1893 quidem,
725 1833 803 1893 quae
827 1825 938 1873 natura
961 1815 1123 1880 eaduea15

126 1920 173 1971 est
196 1919 236 1985 et,
260 1911 318 1971 nisi
343 1911 420 1971 fulta
444 1921 500 1986 est,
522 1911 561 1970 ad
583 1920 698 1970 terram
721 1911 826 1984 fertur,
848 1911 966 1986 eadem,
986 1920 1022 1972 ut
1042 1931 1076 1972 ss

126 2009 232 2087 erigat,
246 2008 400 2068 claviculis
415 2008 478 2068 suis
493 2008 581 2087 quasi
596 2008 738 2066 manibus
759 2008 909 2087 quidquid
924 2020 972 2068 est
986 2019 1077 2068 nacta

126 2105 347 2185 conplectitur3
373 2125 464 2184 quam
480 2116 656 2183 serpentem
677 2105 839 2183 multiplici
854 2104 943 2183 lapsu
957 2114 989 2164 et
1000 2125 1077 2163 erra·

126 2203 189 2262 tico
203 2203 282 2261 ferro
298 2213 460 2280 amputans
483 2209 603 2260 coercet
623 2221 672 2260 ars
697 2201 908 2280 agricolarum,
922 2221 962 2259 ne
976 2201 1077 2260 silves-

128 2308 179 2360 cat
192 2299 353 2358 sarmentis
367 2309 400 2358 et
420 2298 452 2357 in
467 2318 573 2357 omnes
593 2308 696 2378 partes
718 2299 814 2357 nimia
830 2285 987 2357 fundatur.
1028 2297 1123 2362 5320

127 2395 236 2476 Itaque
260 2396 387 2454 ineunte
409 2415 479 2455 vere
500 2394 531 2454 iu
555 2395 606 2469 eis,
629 2417 708 2475 quae
723 2397 832 2456 relicta
852 2405 933 2468 sunt,
954 2395 1076 2454 exsistit

127 2502 285 2571 tamquam
310 2492 349 2551 ad
374 2491 518 2551 articulos
540 2501 766 2552 sarmentorum
789 2512 834 2566 ea,
855 2512 933 2572 quae
953 2510 1077 2570 gemma

128 2588 248 2661 dicitur,
269 2605 287 2646 a
311 2598 370 2666 qua
390 2586 490 2647 oriens
508 2605 570 2646 uva
590 2607 659 2647 sese
682 2587 839 2661 ostendit3
860 2605 938 2665 quae
957 2595 989 2644 et
1003 2604 1076 2644 suco

128 2694 227 2744 terrae
252 2693 284 2743 et
308 2685 407 2743 calore
432 2683 503 2743 solis
524 2703 693 2764 augescens
717 2683 817 2763 primo
842 2694 891 2743 est
911 2681 1090 2762 peracerba·

127 2790 263 2861 gustatu,
274 2781 386 2840 deinde
401 2791 556 2841 maturata
571 2781 730 2853 dulcescit,
741 2780 913 2859 vestitaque
927 2778 1077 2858 pampinis
1085 2798 1124 2859 25

128 2897 185 2938 nec
205 2878 326 2936 modico
349 2888 456 2956 tepore
481 2887 566 2937 earet
588 2887 621 2937 et
642 2877 754 2937 nimios
775 2877 848 2937 solis
863 2877 1011 2936 'defendit
1035 2896 1078 2936 ar-

128 2975 227 3035 dores,
269 2974 339 3046 Qua
360 2974 435 3063 quid
456 2985 650 3054 potestesse
672 2995 743 3035 eum
764 2974 865 3034 fructu
886 2974 996 3035 laetius
1010 2984 1079 3035 tum

158 3132 178 3178 1.
193 3130 308 3193 dtffindd]
359 3133 413 3181 The
443 3135 538 3191 subJect
567 3133 587 3178 is
617 3133 759 3190 equvialent
782 3138 809 3180 to
833 3136 907 3181 ‘And
927 3127 940 3180 '1
959 3136 1003 3181 tell
1026 3148 1079 3192 you

131 3203 205 3259 Quae,
216 3204 241 3248 ln
253 3203 300 3249 line
311 3203 348 3259 21,
359 3217 420 3261 pape
429 3203 493 3264 206..
617 3201 684 3257 this,‘
694 3215 723 3247 or
732 3205 774 3248 the
784 3204 843 3261 like,
853 3209 879 3249 to
889 3207 919 3250 be
929 3205 1050 3262 supplied.

157 3273 178 3321 7.
193 3277 268 3329 entes,
279 3273 357 3332 amaa]
393 3274 465 3318 Ortus
475 3271 551 3316 refers
562 3275 588 3316 to
647 3271 682 3316 21.
698 3271 726 3316 in
735 3272 780 3331 eis]
797 3274 813 3318 i.
824 3286 846 3318 e.
853 3273 973 3331 portiom,
984 3286 1013 3320 or
1023 3273 1080 3320 viti·

128 3342 170 3388 the
180 3355 262 3400 power
272 3343 301 3388 of
316 3350 401 3388 nature
411 3357 417 3397 3
433 3347 499 3387 satus
510 3347 536 3386 to
547 3341 588 3386 the
617 3339 668 3385 bus.

128 3411 198 3456 work
208 3411 237 3456 of
249 3423 315 3456 man.
646 3407 682 3452 22.
698 3408 737 3467 ea]
769 3409 896 3456 attracted
906 3412 958 3455 into
967 3411 1009 3456 the
1019 3410 1080 3455 fem·

157 3475 179 3522 8.
194 3477 383 3535 tet-noscatis]
437 3476 497 3520 This
530 3475 589 3519 dees
619 3475 685 3519 inine
703 3477 796 3531 gender
816 3479 849 3532 by
867 3491 972 3534 peramat,
998 3477 1081 3521 which

128 3551 174 3592 not
193 3545 291 3603 depend
315 3557 383 3599 upon
407 3541 590 3598 satiari-pos-
619 3542 722 3586 follows.

128 3629 193 3674 sum,
225 3617 270 3662 hut
293 3624 360 3670 upon
384 3624 417 3656 an
447 3609 592 3665 expression
649 3608 687 3656 27.
705 3609 769 3667 Qua]
786 3609 1080 3664 Referstouva,line23.
1154 3642 1158 3646 -
