2492 3900
159 237 302 302 cta-701]
353 231 714 288 murmonrflosuon
736 233 849 287 LIBER
870 234 921 286 tv.
1080 233 1120 292 05

158 410 211 474 uc
224 411 322 486 scete,
338 411 419 472 “0”
433 410 514 472 dixit
528 418 617 471 “non
633 393 700 471 uin
713 411 810 490 digna
824 411 949 485 eatena,

161 509 224 570 Sed
240 508 349 589 quibus
364 510 492 569 interae
507 508 612 588 cupidi
625 509 797 587 iunguntur
812 519 962 582 amantes,

159 605 270 666 Pande
285 605 452 686 requirenti
466 626 579 665 nomen
593 615 754 683 terraeque
768 615 928 684 tuumque,

159 701 204 762 Et
220 723 275 762 cnr
287 702 388 763 vincla
402 701 519 782 geras.”
559 701 668 761 Primo
683 701 752 761 silet
766 702 899 775 illa,'nec
913 701 1009 762 audet
1061 703 1119 763 190

160 799 330 879 Adpellare
346 799 447 860 virum
462 798 568 877 virgo:
591 798 793 877 manibusque
807 797 966 859 modestos

162 899 302 958 Oelasset
316 897 430 970 vultuS,
444 897 471 956 si
485 917 548 956 non
561 895 693 976 religata
705 896 831 956 fuisset:

160 995 303 1068 Lumina,
317 995 401 1073 quod
415 992 526 1072 potuit,
540 992 673 1053 lacrimis
687 992 819 1071 inplevit
833 993 960 1053 obortis.

163 1092 293 1170 Saepius
308 1089 446 1164 instanti,
460 1109 516 1148 sua
530 1109 569 1148 ne
584 1088 699 1149 delicta
712 1089 803 1149 fateri

157 1186 256 1248 Nolle
272 1186 436 1259 videretur,
452 1206 565 1244 nomen
581 1197 742 1265 terraeque
757 1179 917 1264 suumque,
1062 1187 1121 1248 195

163 1283 350 1364 Quantaque
366 1292 522 1343 maternae
536 1281 630 1342 fuerit
645 1281 757 1341 fiducia
770 1280 896 1357 formae,

162 1380 294 1440 Iudicat.
336 1378 379 1440 Et
393 1378 533 1439 nondum
547 1380 726 1439 memoratis
742 1379 885 1438 omnibus
898 1379 983 1439 unda

162 1477 316 1551 insonuit,
331 1476 521 1556 veniensque
535 1475 680 1535 inmenso
697 1475 786 1566 belua
799 1485 897 1554 ponto

164 1573 313 1634 Imminet
328 1588 360 1634 et
374 1574 472 1634 latum
486 1573 543 1632 sub
559 1583 684 1652 pectore
698 1571 838 1652 possidet
852 1591 974 1652 aequor.

166 1671 349 1732 Conclamat
363 1670 470 1750 virgo:
491 1669 615 1748 genitor
629 1669 767 1747 lugubris
781 1680 814 1729 et
828 1681 890 1729 una
1061 1670 1122 1730 200

164 1765 268 1826 Mater
282 1769 380 1838 adest,
396 1765 487 1824 ambo
501 1763 614 1837 miseri,
629 1763 686 1823 sed
699 1762 812 1823 iustius
828 1765 888 1825 illa.

164 1861 235 1922 Nec
249 1883 353 1922 secum
368 1860 524 1934 auxilium,
539 1862 595 1920 sed
610 1861 722 1938 dignos
735 1871 875 1940 tempore
888 1861 980 1921 fletus

165 1962 412 2039 Plangoremquc
426 1958 538 2030 ferunt,
552 1957 719 2037 vinctoque
734 1958 765 2017 in
780 1979 906 2037 corpore
921 1960 1109 2037 adhaepent:

167 2056 247 2117 Cum
262 2055 305 2115 sic
317 2056 429 2135 hospes
444 2054 505 2114 ait:
526 2052 763 2114 “Lacrimarum
776 2056 870 2135 longa
885 2076 1008 2116 manere

166 2150 322 2232 Tempora
344 2172 400 2211 vos
421 2160 583 2230 poterunt:
609 2152 649 2210 ad
677 2172 770 2232 opem
792 2151 893 2212 brevis
923 2152 999 2211 hora
1027 2151 1123 2212 feren·

287 2248 360 2307 dam
374 2258 430 2308 cst.
1062 2247 1122 2308 205

160 2345 260 2405 -Hanc
273 2366 332 2424 ego
347 2345 372 2405 si
385 2355 524 2424 peterem
537 2344 670 2404 Perseus
684 2344 761 2405 Iove
774 2355 867 2405 natus
881 2355 914 2406 et
927 2345 989 2420 illa,

168 2441 272 2513 Quam
286 2442 422 2500 clausam
443 2440 574 2520 inplevit
593 2441 727 2501 fecundo
749 2440 892 2520 Iuppiter
905 2460 990 2515 aur0,

167 2536 321 2616 Gorgonis
336 2538 536 2616 anguicomae
550 2536 685 2597 Perseus
699 2548 869 2616 superator,
884 2547 917 2597 et
931 2536 988 2597 alis

168 2634 334 2696 Aetherias
349 2653 442 2692 ausus
454 2632 577 2693 iactatis
591 2633 635 2692 ire
649 2653 816 2711 passuras,

169 2729 346 2790 Praeferrer
360 2728 479 2789 cunctis
492 2740 576 2788 certe
590 2749 694 2807 gener.
735 2729 863 2787 Addere
879 2730 975 2790 tantis
1064 2732 1124 2791 210

199 2890 250 2936 188.
266 2889 315 2935 Sed
323 2887 419 2949 quibus]
450 2888 466 2933 i.
487 2900 509 2933 a.
528 2886 575 2933 Sed
592 2886 634 2945 (iia
664 2889 741 2934 much
751 2889 796 2935 her
805 2890 903 2934 mother
912 2888 963 2935 had
972 2889 1059 2947 prided
1069 2888 1126 2938 her·

169 2959 273 3017 caterua)
284 2958 376 3017 quibus.
655 2958 714 3016 ¹self
721 2959 746 3002 in
758 2959 802 3003 her
812 2957 920 3013 bearrty!

201 3028 249 3074 189.
265 3026 406 3086 requirente]
438 3025 559 3071 Scmidc'.
694 3027 742 3072 199.
758 3026 883 3085 Imminet]
916 3024 1126 3074 ‘Inomsabove'

201 3098 250 3143 193.
266 3096 330 3157 quod
346 3095 436 3155 potuit]
459 3096 509 3140 ·‘It
528 3108 579 3141 was
599 3096 634 3141 all
691 3097 845 3142 2011111111
864 3094 918 3155 illa]
957 3099 993 3141 As
1014 3096 1065 3153 she,
1082 3097 1125 3141 the

170 3169 215 3215 shc
226 3168 301 3213 could
312 3166 362 3212 do!
662 3168 767 3219 mother,
778 3164 828 3211 had
838 3165 900 3210 been
910 3165 953 3211 the
964 3176 1037 3211 cause
1047 3163 1075 3211 af
1081 3164 1125 3209 the

201 3237 251 3282 194.
266 3235 379 3295 immac]
397 3236 435 3281 Sc.
446 3234 484 3279 illi
491 3250 501 3289 ;
515 3235 531 3280 i.
544 3247 564 3281 e.
574 3236 634 3281 Per·
663 3236 786 3291 mlamity.

70 3304 79 3317 ⁹
170 3322 218 3354 ceo.
455 3326 458 3331 ¹
691 3304 742 3349 206.
758 3303 812 3362 illa]
843 3302 938 3349 Danae.

201 3376 251 3421 195.
267 3374 397 3433 videretur]
419 3374 634 3419 Followstlrehis-
691 3374 743 3419 210.
759 3371 841 3433 qoam]
881 3372 932 3417 ‘Aa
952 3369 1126 3423 son-in·law;’

171 3446 259 3505 toricpl
269 3450 367 3503 present
376 3444 478 3490 eradicat.
663 3443 800 3501 appositive
816 3445 844 3489 to
859 3440 903 3488 the
917 3440 1022 3488 omitted
1031 3440 1127 3497 subject

202 3514 252 3561 190.
271 3510 517 3574 Quanta-sermm]
554 3511 635 3559 ‘How
663 3508 846 3569 ofpraefmer.
