2492 3900
306 243 522 315 manarum
541 243 663 296 uteru
685 245 797 298 mann
819 215 867 301 1112
1001 247 1058 309 111
1115 235 1117 258 ²

100 419 194 500 regi:
213 415 309 501 puero
319 441 423 482 comes
437 430 470 483 et
483 430 588 482 custos
597 421 705 482 salutis
717 421 818 497 datus,
828 442 890 484 non
906 431 941 484 ut
955 443 1060 505 regem

101 521 211 591 modo,
226 519 280 578 sed
297 519 389 577 etiam
404 528 440 578 ut
458 520 626 593 alumnum,
640 520 751 580 eximia
764 521 890 580 caritate
902 521 1059 602 diligebat.

102 615 139 676 Is
154 637 218 676 non
233 635 378 694 praeceps
394 635 435 688 se,
449 616 504 674 sed
516 627 675 674 strenuum
685 617 855 675 remedium
866 617 984 678 adferre
993 630 1059 679 tau-

102 724 235 791 tamque
257 711 320 770 vim
345 711 449 770 morbi·
468 711 594 790 potione
619 712 772 772 medicata
791 713 963 773 levaturum
993 735 1058 775 esse

103 808 258 888 promisit.
291 806 380 865 Nulli
390 806 572 886 promissum
586 807 651 868 eius
662 809 804 886 placebat
814 819 935 887 praeter
949 812 1059 889 ipsum,
1089 811 1107 872 5

59 896 62 900 ’
104 906 196 966 cuiue
223 904 359 983 periculo
386 904 596 982 pollicebatur.
621 933 624 935 Α
651 903 764 964 Omnia
792 906 904 984 quippe
931 907 1058 982 facilius,

105 1023 202 1082 quarn
225 1021 351 1072 moram,
371 1001 491 1079 perpeti
509 1009 648 1078 poterat:
679 1019 763 1059 arma
777 1011 809 1060 et
823 1001 902 1060 acies
917 1002 948 1061 in
963 1003 1058 1063 oculis

105 1085 206 1172 erant,
220 1108 252 1158 et
265 1098 427 1158 victoriam
447 1097 480 1156 in
501 1117 537 1156 eo
558 1096 694 1175 positam
715 1117 781 1156 esse
803 1096 1014 1173 arbitrabatur,
1033 1100 1059 1160 si

106 1205 232 1256 tantum
247 1205 319 1253 ante
333 1194 423 1273 signa
443 1203 526 1253 stare
547 1192 706 1271 potuisset,
720 1193 753 1250 id
767 1192 876 1271 ipsum,
891 1195 973 1272 quod
988 1205 1059 1274 post

106 1293 193 1352 diem
206 1291 333 1352 tertium
346 1290 606 1350 medicamentum
621 1300 797 1368 sumpturus
811 1300 891 1350 esset
907 1291 965 1371 (ita
978 1293 1059 1353 enim
1069 1307 1106 1368 10
1150 1348 1155 1356 .

105 1390 246 1450 medicus
259 1388 478 1468 praedixerat),
493 1406 584 1464 aegre
598 1385 706 1445 ferens.

149 1485 226 1546 VH.
266 1484 354 1543 Inter
374 1484 452 1542 haec
471 1502 490 1542 a
511 1482 725 1557 Parmenione,
743 1482 894 1543 fidissimo
916 1505 1060 1565 purpura·

107 1591 221 1655 torum,
242 1580 362 1641 litteras
382 1579 502 1658 accipit,
525 1579 636 1658 quibus
660 1579 688 1638 ei
706 1580 918 1655 denuntiabat,
930 1602 969 1640 ne
984 1583 1060 1642 salu·

107 1691 175 1739 tem
202 1699 290 1738 suam
323 1677 470 1756 Philippo
500 1676 735 1736 ammitteret:
769 1677 853 1736 mille
882 1679 1006 1738 talentis
1041 1699 1060 1740 a

108 1776 213 1836 Dareo
235 1784 268 1834 et
283 1793 346 1852 ¹spe
368 1773 546 1851 nuptiarum
565 1772 679 1833 sororis
701 1773 766 1832 eius
787 1793 854 1833 essa
871 1787 1059 1854 corruptum.
1069 1785 1107 1846 15

108 1871 274 1951 Ingentem
296 1869 398 1929 animo
416 1869 655 1929 sollicitudinem
676 1869 796 1930 litterae
811 1863 1012 1945 incusserant,
1027 1881 1059 1934 et

109 1969 254 2048 quicquid
268 1967 301 2027 in
315 1976 610 2046 utramquepartem
625 1976 680 2027 aut
697 1979 798 2028 metus
813 1977 866 2028 aut
880 1988 948 2048 spes
962 1969 1060 2030 subie-
1148 2027 1150 2031 ,

109 2074 201 2138 cerat,
221 2074 340 2125 secreta
360 2063 574 2124 aestimatione
594 2065 756 2144 pensabat.
797 2065 938 2125 “Bibere
959 2086 1060 2145 perse-

108 2163 237 2222 verem?
257 2171 302 2234 ut,
316 2160 341 2221 si
355 2180 510 2221 venenum
524 2161 632 2221 datum
646 2161 746 2236 fuerit,
765 2181 803 2222 ne
831 2162 974 2223 inmerito
995 2162 1060 2243 qui-

79 2259 85 2271 ‘
109 2259 189 2333 dem,
203 2257 349 2339 quicquid
371 2256 525 2331 acciderit,
538 2257 676 2318 evenisse
696 2258 863 2319 videatur?
903 2259 1058 2320 Damnem
1068 2266 1107 2327 20

139 2417 159 2466 l.
174 2423 252 2464 cactos
271 2413 378 2477 candia]
410 2416 478 2461 ‘The
494 2429 568 2473 guar·
597 2416 659 2474 king
675 2420 719 2463 not
734 2421 761 2463 to
776 2421 841 2463 trust
854 2417 945 2475 Philip,
955 2419 1004 2464 and
1022 2420 1059 2464 in-

110 2484 361 2533 dlanoihishealth.’
598 2486 695 2532 formed
718 2488 771 2539 hlm
793 2487 847 2532 that
868 2487 899 2533 hc
921 2488 973 2533 had
997 2489 1060 2535 been

137 2556 159 2602 3.
172 2555 296 2615 praecepa]
338 2552 525 2600 ‘Immediata'
599 2555 691 2601 brihed.
914 2572 915 2575 ¹

137 2624 160 2671 d.
175 2623 264 2683 ipsum]
295 2624 311 2670 i.
321 2635 342 2669 a.
354 2622 569 2678 Alexamenum
628 2624 661 2672 17.
673 2623 701 2669 ia
720 2628 845 2682 atramque
855 2624 963 2683 partem]
996 2624 1060 2670 ‘For

109 2705 159 2738 was
169 2698 194 2739 to
204 2694 275 2737 incur
284 2692 327 2736 the
338 2691 439 2747 danger.
598 2693 649 2738 and
659 2694 771 2750 against,'
783 2694 798 2741 i.
811 2706 832 2739 e.
843 2694 953 2738 whether
963 2698 989 2739 to
1002 2695 1058 2751 give

138 2762 159 2807 8.
174 2761 311 2820 sitantum]
338 2761 355 2805 i.
373 2772 395 2805 e.
420 2772 483 2806 even
502 2760 524 2805 if
536 2761 569 2806 he
598 2775 632 2820 up
642 2775 671 2807 or
680 2763 771 2808 adirere
780 2768 806 2808 to
816 2763 855 2807 his
865 2763 974 2818 opinion.

110 2834 181 2880 could
192 2834 225 2880 do
235 2834 341 2889 nothing
350 2844 419 2877 more
436 2832 496 2877 than
514 2844 568 2888 pre·
628 2831 663 2877 18.
679 2830 778 2889 secreta]
795 2831 811 2877 i.
833 2843 855 2878 e.
876 2831 980 2876 without
1001 2844 1058 2877 con-

110 2910 163 2949 sent
180 2903 282 2950 himself
296 2908 322 2948 to
338 2902 381 2947 the
396 2903 459 2947 view
479 2901 508 2946 of
528 2901 568 2946 his
598 2900 716 2945 saltatiou
737 2901 796 2945 with
817 2912 866 2956 any
886 2912 948 2957 oue,
974 2902 1058 2948 within

111 2971 218 3017 soldiers.
597 2968 926 3027 uiuent-aestimatione]
957 2970 1057 3029 Welgh·

139 3040 172 3085 12.
187 3038 359 3098 Parmenione]
377 3038 470 3084 Senem
479 3038 568 3083 relatas
597 3038 641 3095 ing
661 3038 701 3082 the
718 3050 817 3083 reasons
828 3037 866 3083 for
876 3038 953 3083 either
963 3052 1056 3085 course.

110 3111 161 3155 that
179 3111 221 3156 the
246 3111 318 3155 letter
334 3119 386 3153 was
410 3109 507 3153 written
532 3108 566 3163 by
595 3105 718 3151 -Br'bere
734 3106 892 3165 perseverem]
933 3107 1017 3153 ‘Shall
1045 3108 1058 3153 Ι

111 3180 241 3237 Olympias,
253 3177 568 3224 Alexander'smother.-
596 3175 1057 3234 persistinmypu1·p0saofdrinking?'

109 3248 308 3312 purpuratorum]
356 3245 514 3292 ‘Courtiera’
543 3247 567 3290 A
625 3242 661 3289 20.
677 3244 922 3307 condemnatoriam]
953 3245 1056 3301 Accidit,

111 3330 169 3364 term
195 3317 296 3364 derived
317 3316 381 3362 from
405 3316 448 3361 the
465 3315 567 3361 Persian
597 3313 810 3377 ‘'ithappenrby
829 3314 948 3368 accident,
965 3314 1058 3371 having

111 3394 209 3443 canape,
235 3385 320 3430 whose
348 3388 474 3441 garments
503 3394 568 3430 wera
597 3382 717 3429 nrfluen'ca
738 3395 804 3440 upon
830 3383 968 3439 something
992 3383 1056 3435 else;

110 3454 267 3503 omamanted
277 3452 337 3498 with
347 3452 441 3510 purple.
596 3452 681 3508 evenit,
693 3454 726 3497 ‘it
734 3452 846 3507 follows:
858 3449 1056 3497 nsedasthere·

138 3524 172 3571 13.
185 3520 353 3581 mutat]
370 3520 511 3583 ‘Warned'
526 3520 570 3567 the
598 3519 649 3565 uult
658 3518 688 3564 of
699 3521 821 3565 anevent.
1064 3522 1067 3527 ·
