2492 3900
326 244 492 307 LAELIUS,
517 244 602 297 swa
626 244 677 295 DE
700 243 883 297 AMICITIA.
1017 245 1078 308 279

130 422 343 497 consentiunt3
365 441 549 502 quamquam
565 419 704 483 amultis
717 419 816 481 virtus
830 419 898 500 ipsa
910 420 1079 482 contemni-

129 528 181 578 tur
202 530 233 579 et
256 519 427 578 venditatio
449 519 601 598 quaedam
623 528 717 598 atque
736 518 904 580 ostentatio
925 538 993 579 esse
1008 518 1080 579 dici·

128 608 308 691 tur3'multi
332 616 456 675 divitias
483 617 667 695 despiciunt,
693 636 770 695 quos
794 634 891 695 parvo
916 625 1079 676 contentos

129 712 231 772 tenuis
246 711 346 770 victus
361 710 523 790 cultusque
534 711 687 784 delectat3
708 712 840 770 honores
854 729 1079 790 vero,qu0u1m

129 808 298 888 eupiditate
322 807 445 887 quidam
468 807 706 878 inflammantur,
720 826 810 885 quam
833 806 922 866 multi
943 806 988 866 ita
1008 826 1079 867 eon·
1109 821 1128 881 5

129 913 283 977 temnunt,
297 912 333 963 ut
346 903 422 961 nihil
436 903 565 976 inanius,
579 903 656 962 nihil
677 922 744 961 esse
766 902 863 961 levius
885 902 1079 963 existiment!

129 1000 266 1080 itemque
280 1008 391 1072 cetera,
412 1018 489 1077 qnae
511 999 696 1079 quibusdam
716 997 907 1057 admirabilia
926 999 1080 1065 videntur,

130 1095 274 1175 permulti
288 1106 360 1155 sunt
375 1095 426 1173 qui
440 1115 495 1173 pro
510 1095 606 1154 nihilo
619 1102 750 1173 putent:
772 1093 811 1153 de
826 1094 960 1154 amicitia
974 1114 1081 1154 omnes

130 1191 171 1252 ad
192 1212 288 1251 uuum
311 1192 394 1251 idem
418 1191 566 1264 sentiunt,
580 1201 612 1251 et
627 1191 658 1264 ii,
672 1190 725 1269 qui
739 1190 778 1249 ad
800 1209 864 1249 rem
878 1190 1031 1268 publicam
1047 1210 1079 1250 se

131 1289 336 1361 contulerant,
362 1299 395 1348 et
422 1288 452 1361 ii,
477 1288 529 1368 qni
554 1308 656 1347 rerum
681 1286 859 1366 cognitione
880 1287 1080 1367 doctrinaque
1091 1301 1129 1363 10

132 1385 333 1460 delectantur,
357 1395 389 1445 et
411 1385 441 1459 ii,
466 1385 517 1465 qni
538 1405 629 1446 sunm
653 1383 814 1464 negotium
841 1395 955 1463 gerunt
980 1385 1082 1459 otiosi,

131 1492 288 1564 postremo
303 1484 332 1557 ii,
347 1483 400 1563 qui
414 1504 446 1542 se
460 1493 544 1543 totos
565 1482 762 1543 tradiderunt
776 1482 996 1561 voluptatibus,
1016 1482 1081 1542 sins

133 1580 267 1640 amicitia
288 1580 382 1640 vitam
409 1601 474 1640 esse
498 1580 622 1653 nullam,
636 1579 664 1639 si
689 1579 781 1639 modo
802 1580 901 1639 velint
923 1580 1024 1658 aliqua
1042 1600 1082 1639 ex

134 1688 222 1759 parte
245 1677 409 1737 liberaliter
431 1678 543 1737 vivere.
586 1678 633 1737 87.
656 1676 760 1755 Serpit
782 1676 865 1735 enim
889 1677 992 1736 nescio
1020 1696 1083 1756 qno
1158 1697 1162 1706 ‘

135 1776 228 1835 modo
241 1794 296 1853 per
310 1774 447 1833 omnium
462 1775 542 1834 vitas
563 1773 699 1834 amicitia
720 1793 778 1833 nec
798 1774 890 1832 ullam
906 1774 1017 1833 aetatis
1032 1774 1084 1832 de·
1094 1784 1131 1846 15

135 1872 254 1953 gendae
281 1871 433 1931 rationem
460 1871 579 1952 patitur
606 1891 671 1930 esse
701 1880 860 1950 expertem
888 1871 943 1930 sui.
999 1870 1084 1941 Quin

135 1971 227 2031 etiam
244 1971 269 2029 si
284 1954 535 2049 quis'asperitate
557 1981 593 2029 ea
614 1979 662 2028 est
683 1979 715 2029 et
736 1970 917 2029 inmanitate
947 1980 1085 2042 naturae,

136 2087 316 2147 congressus
342 2078 376 2129 ut
400 2068 559 2126 hominum
587 2067 686 2145 fugiat
710 2076 803 2145 atque
831 2067 941 2141 oderit,
962 2066 1085 2146 qualem

136 2165 228 2224 fnisse
242 2165 375 2224 Athenis
389 2165 550 2224 Timonem
564 2163 668 2222 nescio
682 2176 774 2242 quem
789 2163 970 2243 accepimus,
980 2174 1084 2224 tamen

137 2261 163 2320 is
176 2261 242 2339 pati
257 2281 317 2319 non
333 2262 437 2340 possit,
453 2272 561 2320 utnon
579 2259 722 2339 anquirat
743 2260 885 2338 aliquem,
897 2261 979 2339 apud
993 2277 1134 2340 quem20

139 2367 263 2417 evomat
289 2357 373 2416 virus
402 2357 577 2417 acerbitatis
605 2376 690 2417 suae.
730 2357 837 2436 Atque
866 2358 925 2417 hoc
953 2358 1086 2417 maxime

138 2453 332 2525 iudicaretur,
356 2453 382 2513 si
406 2454 480 2532 quid
494 2455 556 2514 tale
579 2461 686 2532 posset
711 2453 899 2533 contingere,
918 2463 954 2513 ut
978 2454 1088 2533 aliquis

138 2571 194 2610 nos
210 2550 285 2609 deus
308 2569 346 2609 ex
361 2551 418 2610 hae
432 2551 591 2609 hominum
605 2550 779 2628 frequentia
791 2550 915 2610 tolleret
929 2551 1006 2610 etin
1021 2551 1089 2610 soli-

138 2647 246 2707 tudine
261 2646 380 2724 uspiam
395 2647 559 2706 collocaret
574 2657 668 2725 atque
683 2646 725 2705 ib'i
740 2646 938 2724 suppeditans
949 2647 1088 2706 omnium

139 2760 248 2810 rerum,
264 2760 339 2819 quas
353 2751 462 2799 natura
483 2741 649 2813 desiderat,
670 2740 893 2799 abundantiam
914 2750 947 2801 et
967 2741 1136 2820 copiam25

167 2898 188 2943 2.
205 2898 517 2960 cadidatis-astoricam]
559 2901 598 2946 ‘A
627 2899 722 2946 friends
742 2899 792 2945 end
813 2899 979 2956 compnnions,
999 2900 1031 2945 he
1051 2912 1088 2946 se-

137 2969 195 3014 sain
205 2970 296 3025 parade
305 2969 355 3015 and
366 2970 415 3015 idle
426 2970 511 3016 show?
628 2970 719 3015 cluded
735 2968 839 3014 blmself
852 2969 956 3025 entirely
967 2969 1032 3014 from
1046 2970 1090 3015 tho

170 3036 205 3081 13.
220 3037 297 3082 vitum
316 3053 365 3083 esse
383 3038 488 3098 trullam]
520 3037 599 3083 ‘Thau
628 3038 712 3093 world,
733 3037 864 3092 admitting
884 3049 917 3082 no
937 3050 983 3082 one
1008 3042 1034 3082 to
1050 3038 1090 3083 his

139 3105 181 3151 life
190 3107 210 3150 is
221 3107 342 3163 nothing!
373 3107 412 3152 Cf.
433 3113 534 3154 noteon
549 3108 598 3153 line
629 3109 730 3163 society,
741 3112 830 3164 except
841 3108 988 3153 Alcibiades.
1019 3107 1059 3151 He
1068 3107 1090 3150 is

138 3174 175 3230 21,
187 3187 247 3231 page
258 3175 309 3220 246.
629 3177 782 3222 seidtoliave
791 3177 848 3222 died
856 3177 882 3220 in
889 3189 1057 3232 consequence
1064 3175 1094 3220 of

170 3243 204 3288 19.
223 3243 357 3303 Timonem]
383 3244 480 3300 Timon,
489 3244 531 3290 the
542 3244 600 3289 mis·
630 3245 1038 3301 refusingtoallowasurgconto
1053 3247 1091 3290 set

140 3312 267 3369 anthropo,
279 3313 345 3358 lived
356 3317 381 3357 at
391 3315 432 3358 the
448 3314 507 3358 time
517 3313 546 3358 os
558 3313 600 3358 the
630 3314 669 3358 his
681 3315 774 3360 broken
784 3314 852 3359 limb.
882 3314 935 3360 Τῐιιι
943 3315 1091 3359 misanthro-

140 3381 337 3438 Pelopnnnesiun
359 3395 417 3426 war.
463 3381 492 3426 In
516 3393 600 3427 conse·
630 3385 669 3440 pic
680 3383 805 3428 character
818 3385 847 3429 of
858 3384 948 3429 Timon
962 3384 1038 3428 forms
1048 3383 1091 3426 the

140 3463 234 3508 qnence
250 3452 278 3497 ol
290 3453 333 3497 the
349 3451 497 3508 ingratitudo
516 3451 546 3496 ha
557 3463 600 3496 ex·
632 3452 727 3508 sanect
746 3452 776 3497 of
792 3465 839 3498 one
859 3452 888 3497 of
906 3452 1020 3497 Lucian's
1038 3452 1091 3496 dia·

141 3521 278 3578 penenoed
303 3520 354 3565 and
385 3520 426 3564 the
451 3520 601 3576 disappoint·
631 3521 819 3575 logues,andof
825 3521 1013 3578 Shakespeare's
1023 3520 1091 3577 play,

141 3594 222 3636 ments
238 3591 269 3637 he
285 3588 392 3636 suffered
409 3588 473 3634 from
484 3589 523 3634 his
533 3587 601 3646 early
619 3589 720 3651 ,Timon
731 3589 761 3635 of
772 3590 877 3635 Athens.
