2492 3900
214 229 272 328 l2d
415 271 448 332 Q.
472 270 601 323 CURTII
624 271 712 322 RUFI
737 271 788 322 DE
813 271 943 324 GESTIS

212 453 267 505 aut
281 446 450 521 credemus,
465 447 495 507 in
510 447 601 508 huius
624 446 709 507 urbis
729 459 805 526 gaza
818 447 920 508 “fuisse
935 453 1061 508 centum
1076 457 1108 509 et
1121 449 1165 509 vi-

211 540 291 620 ginti
311 543 395 603 milia
416 545 589 604 talentum:
615 544 655 603 ad
684 564 762 623 quae
785 545 927 604 vehenda
952 548 1100 624 (namque
1125 547 1165 606 ad

211 658 285 698 usus
299 640 371 700 belli
390 661 495 701 secum
517 651 640 720 portare
654 627 854 718 decreveratl
872 641 1010 701 iumenta
1023 650 1055 702 et
1069 662 1165 702 carne·

210 736 257 795 los
280 756 299 796 a
323 737 409 797 Susis
429 750 462 797 et
482 737 675 817 aBabylone
697 737 837 797 contrahi
859 737 955 798 iussit.
996 739 1163 799 Accessere

182 833 249 896 tad
278 834 358 894 hano
385 833 534 913 pecuniae
568 854 731 909 summam,
759 834 856 913 captis
888 834 1082 914 Parsagadis,
1111 855 1164 896 sex

209 927 294 988 milia
307 930 467 990 talentum.
509 932 609 1010 Cyrus
624 931 837 1010 Persagadum
852 932 960 991 urbem
974 930 1163 1007 condiderat,

209 1043 300 1103 quam
317 1026 497 1087 Alexandro
511 1031 684 1107 praefectus
698 1027 763 1088 eius
779 1029 919 1088 Gobares
935 1028 1072 1088 tradidit

248 1121 324 1181 XII.
346 1121 416 1181 Rex
442 1143 543 1183 arcem
566 1123 749 1202 Persepolis,
765 1124 862 1184 tribus
883 1125 1006 1184 milibus
1021 1124 1162 1185 Macedd·

209 1238 283 1277 num
305 1220 458 1297 pracsidio
477 1221 601 1292 relictis,
622 1219 831 1280 Nicarchiden
856 1221 936 1281 tueri
962 1221 1064 1280 iubet:
1086 1221 1163 1280 Tiri·

161 1314 417 1396 matrimomo,
432 1317 484 1395 qui
504 1336 612 1395 gazam
633 1316 811 1390 tradiderat,
825 1327 966 1378 servatus
988 1327 1037 1377 est
1055 1319 1161 1393 honos,

196 1433 299 1500 'quem
324 1414 408 1493 apud
435 1413 572 1473 Dareum
599 1412 773 1474 habuerat:
806 1425 980 1495 magnaque
1007 1414 1159 1474 exercitus

206 1517 293 1588 parte
316 1521 348 1570 et
370 1510 590 1589 inpedimentis
614 1508 658 1569 ibi
680 1495 797 1570 relictis
828 1509 1033 1570 Parmeniona
1056 1510 1161 1571 Orate·

206 1625 336 1685 rumque
356 1607 513 1685 praefecit.
554 1605 626 1685 Ipse
649 1626 719 1666 cum
734 1606 817 1666 mille
832 1607 987 1686 equitibus
1009 1607 1160 1686 pediturn-

207 1722 266 1781 que
289 1704 435 1782 expedita
458 1724 551 1763 manu
574 1701 753 1762 interiorem
769 1704 907 1763 Persidis
928 1703 1086 1784 regionem
1103 1704 1159 1764 sub

159 1801 196 1861 15
206 1799 307 1878 ipsum
322 1800 637 1880 Vergiliarum'sidus
662 1799 752 1878 petiit
775 1800 941 1879 multisque
966 1800 1113 1860 imbribus
1127 1810 1160 1860 et

205 1915 299 1977 prope
313 1897 497 1958 intolerabili
513 1905 698 1976 tempestate
713 1905 853 1971 vexatus,
865 1896 1030 1977 procedere
1045 1907 1158 1972 tamen,

205 2016 266 2075 quo
280 1996 464 2068 intenderat,
478 1994 697 2073 perseveravit.

205 2105 210 2115 '
244 2092 339 2152 ΧΙΙΙ.
360 2092 502 2152 Ventum
518 2101 584 2150 erat
606 2091 645 2149 ad
670 2090 729 2149 iter
750 2089 906 2169 perpetuis
929 2089 1063 2150 obsitum
1081 2089 1158 2149 nivi·

203 2190 270 2262 bus,
280 2208 354 2268 quaa
368 2190 489 2267 frigoris
498 2188 544 2248 vis
556 2188 628 2265 gelu
638 2187 853 2260 adstrinxerat,
863 2188 1060 2265 locorumque
1070 2204 1157 2265 squa-

155 2284 194 2342 20
204 2286 250 2345 lor
260 2295 292 2344 et
300 2285 480 2346 solitudines
490 2284 591 2344 inviae
605 2284 770 2362 fatigatum
785 2284 913 2342 militem
923 2282 1087 2355 terrebant,
1102 2283 1157 2341 hu·

203 2401 363 2441 manarum
378 2402 476 2440 rerum
492 2381 641 2441 terminos
655 2400 688 2440 se
704 2380 808 2440 videre
823 2380 1010 2440 credentem.
1042 2378 1157 2438 Omnia

201 2490 290 2539 vasta
305 2489 397 2560 atque
412 2478 476 2538 sine
491 2479 554 2538 ullo
570 2477 696 2552 humani
711 2478 811 2537 cultus
827 2477 957 2556 vestigio
973 2475 1097 2535 attoniti
1111 2474 1157 2534 in-

201 2577 369 2637 tuebantur
392 2585 433 2649 et‚
456 2586 623 2655 antequam
647 2576 701 2634 lux
727 2594 849 2655 quoque
874 2584 907 2635 et
931 2572 1051 2633 caelum
1072 2572 1156 2653 ipsos

201 2674 377 2746 deficerent,
392 2673 504 2733 reverti
522 2673 679 2732 iubebant.

153 2771 192 2831 25
240 2769 332 2829 XIV.
353 2770 424 2830 Rex
433 2770 582 2849 castigare
593 2770 716 2829 territos
729 2767 920 2848 supersedit:
943 2776 1079 2827 ceterum
1089 2766 1155 2845 ipse

201 2886 281 2946 equo
296 2866 421 2926 desiluit
436 2867 592 2945 pedesque
613 2886 669 2946 per
682 2866 769 2926 nives
785 2875 817 2924 et
831 2874 1004 2924 concretam
1024 2862 1156 2942 glaciem

230 3012 266 3057 10.
281 3011 367 3071 bonos]
404 3014 420 3057 1.
441 3026 462 3059 c.
483 3015 525 3060 the
545 3013 614 3059 office
636 3013 665 3058 of
691 3012 772 3069 places
798 3011 877 3056 which
902 3022 944 3056 ars
967 3008 1155 3055 uninhabltablc

200 3093 321 3139 governor
330 3082 360 3127 of
366 3082 408 3126 the
419 3084 477 3139 city.
692 3080 754 3124 from
772 3079 836 3123 heat.

231 3151 266 3195 14.
281 3149 444 3209 nab-sidua]
463 3152 510 3195 ‘At
520 3150 561 3195 the
573 3151 663 3207 setting
720 3148 756 3192 21.
773 3145 898 3206 terminos]
930 3146 945 3191 l.
957 3157 978 3191 e.
990 3145 1032 3191 the
1047 3144 1111 3190 limlt
1127 3142 1157 3191 ol

199 3219 229 3265 of
243 3219 285 3264 the
302 3219 430 3265 Pterrues’
440 3220 467 3264 in
481 3220 631 3264 November.
691 3218 733 3262 tho
745 3215 963 3261 liabitableworld.

230 3290 264 3333 16.
275 3288 611 3345 procedere-perseveravit]
625 3289 660 3333 As
719 3287 755 3331 23.
771 3284 956 3343 luc-caelum]
987 3284 1040 3329 The
1048 3283 1155 3341 popular

199 3358 275 3404 didere
282 3372 437 3415 perseverem,
449 3370 472 3412 p.
486 3357 534 3410 111,
547 3356 595 3400 liue
613 3356 646 3400 18.
691 3356 799 3411 opinion,
810 3354 868 3398 with
879 3355 920 3399 thc
936 3353 1053 3408 ancients,
1069 3352 1154 3397 euvel-

229 3426 265 3471 19.
281 3425 336 3484 qela
342 3422 515 3480 adstrinccrat]
525 3428 531 3447 ⁸
542 3423 661 3467 Hadcon-
692 3422 755 3479 opcd
766 3424 789 3467 in
802 3423 920 3467 darkness
931 3422 973 3467 the
993 3422 1090 3477 regions
1111 3422 1153 3466 be-

200 3496 286 3541 remed
304 3494 356 3538 into
371 3492 572 3537 iee.’-l‹›corum
592 3505 663 3549 sqrca-
692 3491 760 3546 yond
778 3490 820 3534 thc
838 3489 913 3534 limite
924 3490 953 3535 of
965 3490 1007 3534 the
1019 3490 1098 3536 earth.

200 3563 247 3621 lor]
280 3558 549 3621 Squalorisgenerally
561 3559 622 3602 used
633 3558 662 3602 ul
721 3558 756 3603 25.
772 3558 912 3616 supersedit]
946 3558 1088 3605 ‘omitted’
