2492 3900
228 243 323 299 CATO
347 244 478 307 MAIOR,
504 242 590 297 SIVE
614 243 665 295 Da
690 243 918 298 SENECTUTE·
986 247 1045 309 183

231 423 291 485 Quo
303 423 378 473 vobis
390 428 502 482 mentes,
514 428 604 472 rectae
616 437 685 485 qnae
698 426 769 473 stare
781 423 903 474 solebant

231 507 361 565 Antehac,
375 506 510 555 dementes
524 520 582 554 sese
595 506 693 554 flexere
705 504 777 554 viai?

78 645 252 715 ceteraque
274 635 474 715 gravissime3
495 638 605 695 notum
627 635 711 695 enim
731 635 821 696 vobis
841 654 963 696 carmen
979 644 1045 712 est3

80 743 241 794 ettamen
263 731 359 811 ipsius
381 732 478 810 Appii
499 742 602 792 exstat
623 732 731 792 oratio.
775 732 882 811 Atque
904 733 980 793 haec
994 733 1045 793 ille

81 829 153 909 egit
169 838 288 907 septem
305 838 336 889 et
361 828 467 887 decem
491 829 578 888 annis
599 839 671 907 post
693 829 825 889 alterum
841 830 1046 903 consulatum,
1074 826 1092 886 5

82 914 160 987 cum
185 926 267 985 inter
291 925 370 985 duos
396 926 573 985 consulatus
603 925 676 985 anni
700 925 806 985 decern
833 926 1046 988 interfuissent

83 1042 259 1101 censorque
280 1031 351 1081 ante
373 1023 567 1081 consulatum
589 1022 778 1101 superiorem
796 1023 913 1096 fuisset,
927 1042 967 1082 ex
983 1043 1045 1102 quo

83 1119 288 1198 intellegitur,
300 1118 411 1197 Pyrrhi
422 1119 504 1178 bello
515 1119 664 1198 grandem
677 1138 750 1177 saue
765 1119 878 1193 fuisse;
893 1130 925 1179 et
939 1128 1045 1179 tamen

85 1216 133 1276 sic
159 1235 177 1275 a
204 1215 341 1294 patribus
366 1215 549 1294 accepimus
591 1216 639 1275 17.
665 1214 755 1274 Nihil
775 1215 871 1294 igitur
893 1216 1046 1290 adferunt,

86 1313 143 1393 qui
165 1312 196 1371 in
218 1332 250 1371 re
270 1312 406 1391 gerenda
420 1312 536 1371 versari
550 1322 744 1371 senectutem
759 1323 895 1391 negant;
916 1312 1092 1379 similes-10

86 1428 149 1488 que
176 1420 258 1483 sunt,
272 1418 308 1469 ut
328 1409 353 1469 si
376 1409 429 1488 qui
453 1410 693 1487 gubernatorem
715 1409 747 1467 in
770 1409 947 1488 navigando
967 1408 1044 1469 nihil

88 1524 182 1584 agere
207 1506 320 1579 dicant,
345 1526 414 1565 cum
436 1505 487 1565 alii
508 1507 605 1565 malos
628 1506 788 1579 scandant,
809 1506 861 1565 alii
882 1526 937 1584 per
960 1506 1043 1566 foros

88 1612 223 1675 comest,
249 1603 299 1661 alii
325 1602 479 1662 sentinam
502 1602 692 1675 exhauriant,
714 1603 764 1661 ille
790 1604 911 1663 clavum
933 1612 1043 1664 tenens

90 1699 212 1778 quietus
234 1699 342 1759 sedeat
364 1700 394 1757 in
416 1699 520 1779 puppi.
563 1699 638 1758 Non
659 1699 733 1759 facit
753 1719 798 1773 ea,
813 1719 891 1778 quae
905 1699 1043 1775 iuvenes,

90 1804 122 1854 at
137 1816 209 1855 vero
225 1796 323 1854 multo
336 1796 450 1855 maiora
465 1806 497 1855 et
512 1796 638 1854 meliora
651 1796 733 1856 facit.
774 1795 848 1855 Non
861 1796 977 1856 viribus
988 1805 1044 1857 aut
1052 1800 1090 1860 15

90 1892 308 1953 velocitatibus
322 1905 376 1953 aut
387 1892 546 1952 celeritate
558 1912 721 1972 corporum
732 1913 780 1952 res
792 1912 921 1973 magnae
935 1913 1045 1974 gerun-

90 2001 148 2062 tur,
176 1991 229 2050 sed
259 1989 394 2063 consilio,
410 1990 615 2063 auctoritate,
640 1991 812 2063 sententia;
841 1991 952 2069 quibus
980 2010 1044 2050 non
1117 2002 1119 2007 ’

91 2087 183 2146 modo
197 2107 259 2145 non
275 2086 383 2159 orbari,
398 2086 452 2145 sed
467 2086 561 2145 etiam
576 2087 681 2166 augeri
701 2098 844 2146 senectus
866 2087 953 2147 solet.
996 2089 1043 2148 18.

93 2183 160 2242 Nisi
174 2184 251 2242 forte
267 2203 325 2262 ego
340 2184 438 2256 vobis,
453 2183 506 2262 qui
520 2193 552 2243 et
566 2184 654 2243 miles
668 2195 700 2243 et
715 2184 855 2244 tribunus
871 2192 903 2243 ct
917 2185 1042 2264 legatus

95 2287 125 2337 et
144 2277 248 2338 consul
273 2286 413 2337 versatus
434 2297 501 2336 sum
523 2277 553 2337 in
568 2278 654 2337 vario
668 2298 782 2358 genere
804 2278 963 2352 bellorum,
981 2295 1090 2355 ces-20

121 2435 143 2482 2.
157 2435 275 2496 Antehac]
305 2435 352 2482 .In
376 2437 503 2492 seanning,
523 2439 550 2481 to
579 2437 638 2496 qui;
654 2436 902 2494 literaliy,‘asthose
913 2436 997 2484 would
1012 2438 1043 2484 be

97 2507 124 2552 be
140 2506 196 2552 read
212 2518 239 2550 as
255 2505 547 2565 adaptabis-viat]
579 2505 676 2561 ifany:
686 2510 733 2551 ete.

37 2621 39 2631 ,
98 2579 134 2621 An
148 2576 188 2621 old
203 2576 266 2621 form
283 2575 311 2620 ot'
333 2576 504 2632 thegenitive,
522 2580 549 2621 tc
608 2574 644 2618 14.
660 2570 799 2632 Nonsccit]
831 2572 958 2618 Seram.

97 2646 125 2689 be
135 2645 264 2690 connected
276 2644 334 2688 witlr
345 2657 398 2701 prio.
609 2641 644 2689 17.
659 2641 754 2700 quibis]
794 2640 902 2686 Observa
923 2641 977 2685 that
993 2640 1042 2685 this

124 2713 144 2758 3.
158 2712 229 2771 enim]
297 2713 371 2758 Gives
395 2712 438 2758 the
462 2725 548 2758 reason
578 2711 684 2756 ablativa
694 2711 715 2754 is
725 2711 859 2755 connected
870 2709 928 2755 with
939 2709 981 2755 the
992 2714 1043 2754 two

99 2783 151 2838 why
168 2783 197 2828 he
215 2782 256 2828 did
273 2787 317 2827 net
334 2785 409 2839 quoto
426 2782 468 2827 the
478 2782 549 2827 other
578 2781 651 2824 verbs
661 2777 744 2823 orbari
758 2777 808 2823 and
823 2778 915 2837 asperi,
925 2777 951 2822 in
961 2777 1042 2822 differ·

100 2863 179 2897 verses.
578 2852 620 2894 ent
631 2849 754 2893 relations.

125 2923 144 2966 4.
158 2920 242 2980 acteo]
274 2921 364 2965 Which
375 2921 470 2977 Appius
478 2921 550 2968 made
609 2916 643 2960 19·
660 2914 801 2975 Nisisorte]
832 2915 1042 2972 Theapodosisis

101 2991 185 3046 against
195 2991 235 3035 rire
246 3001 319 3046 peace
330 2990 387 3034 with
400 2989 519 3046 Pyrrhus.
581 2986 735 3042 suppressed,
749 2987 792 3030 but
809 2998 867 3041 may
879 2987 908 3030 ire
927 2986 1042 3042 supplied

126 3059 144 3103 5.
156 3063 206 3116 post
251 3057 353 3102 ulterram
387 3057 547 3116 consumtum]
579 3055 946 3100 thusz‘thesuttementwhieh
959 3054 1041 3100 Ihave

102 3127 146 3173 Tire
159 3129 207 3172 tirst
225 3139 273 3172 was
292 3128 321 3172 B.
333 3126 360 3172 C.
373 3126 430 3181 307;
447 3129 489 3172 the
500 3139 550 3173 sec·
579 3126 653 3170 made
669 3126 690 3169 is
702 3125 799 3181 worthy
810 3125 840 3169 of
852 3124 932 3179 belief,
944 3123 1041 3177 antesa’

102 3195 287 3248 onu.a.c.296.
579 3193 898 3252 etc-et-et-et—ct]
936 3193 1041 3239 Theob-

127 3266 145 3313 i.
159 3264 291 3324 censorque]
323 3265 352 3310 ln
361 3265 390 3311 B.
402 3265 429 3310 C.
441 3265 491 3310 310.
575 3263 627 3320 jeet
641 3263 670 3307 os
686 3263 734 3307 this
756 3263 945 3319 polysyndeton,
961 3275 990 3307 or
1004 3274 1041 3306 re·

128 3333 145 3378 8.
161 3333 248 3391 Pyrrhi
258 3333 327 3392 teilo]
374 3335 424 3378 ‘At
439 3333 481 3380 the
491 3334 549 3378 time
580 3332 713 3388 dundaney
723 3333 752 3377 of
766 3332 944 3388 conjunctione,
955 3332 976 3375 is
991 3331 1040 3376 evi-

105 3402 129 3447 uf
142 3403 177 3447 tire
192 3415 242 3448 war
257 3403 316 3447 with
335 3400 463 3459 Pyrrhus:
479 3401 508 3446 B.
521 3400 548 3446 G.
580 3401 666 3457 dently
689 3407 715 3446 to
739 3401 813 3446 make
838 3400 979 3460 prominent
999 3399 1041 3444 the

104 3472 196 3522 tal-tit.
578 3470 804 3526 variousposinons
813 3469 894 3516 which
902 3470 964 3513 Cato
974 3466 1042 3513 held.

130 3542 159 3589 li.
172 3541 285 3604 statera]
312 3539 496 3599 Eqnivalentto
506 3538 548 3597 cie,
579 3540 619 3587 He
635 3549 685 3585 was
699 3538 776 3594 mike,
792 3542 824 3584 ‘a
837 3536 946 3596 privata·
957 3539 984 3581 at
999 3534 1045 3582 Oa·
