2492 3900
182 213 222 278 76
460 218 492 296 a.
516 215 640 270 ovrnn
662 218 824 272 nnsosrs
991 219 1132 286 [aas-aaa

180 391 336 466 Volvitur,
350 401 382 454 et
396 393 496 454 calido
510 395 653 465 tellurem
666 395 816 474 sanguiue
830 395 945 457 foedat

180 487 368 547 Phaedimus
382 487 487 547 infelix
503 499 534 547 et
549 488 624 548 aviti
640 490 771 549 nominis
786 490 874 550 heres

180 583 338 658 Tantalus,
353 594 388 643 ut
402 584 494 645 solito
508 585 601 644 finem
615 585 777 665 inposuere
792 587 897 662 labori,
1091 589 1132 650 95

89 713 92 718 ·
179 681 379 742 Transierant
393 681 431 740 ad
448 701 525 760 opus
542 681 658 740 nitidae
672 682 807 764 iuvenile
821 685 1011 763 palaestraet

179 779 223 840 Et
237 780 297 839 iam
312 780 506 840 contulerant
520 790 587 838 arto
602 779 752 839 luctantia
766 801 848 840 nexu

110 937 112 942 ,
179 876 310 936 Pectora
326 876 508 954 pectoribus,
522 895 592 935 curu
607 885 696 936 tento
711 876 832 937 concita
845 897 951 953 nervo,

179 972 267 1032 Sicut
281 983 368 1031 erant
382 972 486 1046 iuncti,
502 971 623 1032 traiecit
637 981 802 1052 utrumque
817 975 939 1053 sagitta

177 1067 360 1146 Ingemuere
375 1068 473 1141 simul,
488 1068 580 1128 simul
595 1069 757 1130 incurvata
771 1071 877 1131 dolore
1070 1075 1128 1134 100

177 1163 318 1224 Membra
332 1165 396 1225 solo
411 1185 550 1245 posuere,
564 1165 657 1225 simul
671 1187 814 1246 suprema
827 1168 964 1228 iacentes

175 1260 308 1322 Lamina
322 1277 490 1336 versarunt,
506 1263 641 1322 animam
656 1263 747 1323 simul
761 1265 953 1325 exhalarunt

175 1359 320 1440 Adspicit
335 1360 502 1439 Alphenor,
516 1360 691 1441 laniataque
706 1371 832 1441 pectora
844 1363 994 1442 plangens

175 1456 323 1530 Advolat,
338 1466 373 1516 ut
386 1457 505 1535 gelidos
521 1457 722 1536 conplexibus
737 1458 861 1518 adlevet
875 1467 978 1519 artus:

175 1552 274 1632 Inque
289 1553 340 1632 pio
354 1553 442 1614 cadit·
452 1554 567 1614 officio:
589 1573 661 1613 nam
676 1554 785 1615 Delius
800 1554 844 1614 illi
1069 1557 1126 1617 105

174 1648 291 1709 Intima
304 1650 426 1710 fatifero
440 1651 524 1730 rupit
537 1652 717 1730 praecordia
729 1652 818 1713 ferro.

176 1746 269 1817 Quod
283 1747 374 1806 simul
389 1747 544 1820 eductum,
558 1767 629 1826 pars
645 1758 692 1807 est
705 1749 860 1827 pulmonis
874 1749 906 1808 iu
919 1749 1019 1809 hamis

174 1842 281 1917 Eruta,
296 1863 426 1923 cumque
441 1845 543 1903 anima
556 1865 646 1903 cruor
660 1855 707 1904 est
721 1846 834 1905 effusus
847 1845 879 1905 in
894 1866 992 1906 auras.

173 1942 220 2002 At
234 1962 295 2001 non
310 1940 466 2001 intonsum
481 1941 612 2021 simplex
627 1941 892 2003 Damasichthona
905 1944 1017 2004 vulnus

173 2039 301 2098 Adficit.
342 2036 428 2097 lctus
443 2048 517 2111 erat,
532 2050 674 2117 quaeras
690 2059 755 2099 esse
769 2040 885 2121 incipit,
899 2049 932 2100 et
946 2052 1006 2121 qua
1068 2042 1126 2100 110

173 2135 282 2196 Mollia
296 2156 442 2195 nervosus
457 2137 530 2196 facit
544 2136 719 2197 internodia
732 2138 848 2217 poples.

172 2231 319 2311 Dumque
335 2252 427 2292 manu
442 2242 577 2312 temptat
590 2235 712 2293 trahere
727 2235 883 2295 exitiabile
897 2236 1004 2309 telum,

172 2329 283 2389 Altera
296 2349 351 2409 per
364 2330 505 2409 iugulum
519 2331 629 2409 pennis
642 2342 733 2390 tenus
747 2341 815 2391 acta
828 2332 943 2411 sagitta
957 2340 1013 2392 est.

172 2424 302 2506 Expulit
315 2426 395 2486 hanc
409 2427 539 2505 sanguis,
554 2447 648 2506 seque
663 2428 831 2487 eiaculatus
845 2428 877 2487 in
892 2428 990 2488 altum
1032 2442 1037 2451 ⁴

171 2523 303 2598 Emicat,
318 2533 350 2583 et
364 2524 454 2602 longe
470 2525 624 2583 terebrata
638 2525 758 2603 prosilit
772 2536 854 2585 aura
1064 2526 1121 2585 115

135 2636 138 2643 “
171 2621 310 2682 Ultimus
325 2620 460 2681 Ilioneus
474 2641 537 2680 non
551 2622 726 2699 profectura
740 2622 895 2699 precando

170 2718 320 2778 Bracchia
334 2718 512 2791 sustulerat,
526 2725 543 2754 “
552 2719 584 2777 di
593 2718 609 2746 ”
624 2738 684 2798 que
698 2726 743 2777 “0
758 2719 963 2778 communiter
976 2717 1109 2792 omnes,’'

169 2814 309 2887 Dixerat,
323 2814 448 2893 ignarus
463 2836 525 2874 non
540 2835 647 2875 omnes
662 2835 729 2874 esse
744 2816 908 2895 rogandos,
983 2859 988 2867 .

199 2972 234 3018 96.
250 2972 355 3031 nitidae]
384 2973 436 3019 Tho
446 2974 543 3019 ancient
556 2986 630 3020 wrcs-
690 2974 739 3019 103.
755 2974 859 3031 antara]
876 2974 928 3021 Tm
939 2975 1010 3021 effect
1017 2976 1047 3022 of
1050 2978 1121 3031 plan-

170 3044 236 3097 tlcrs,
247 3044 329 3087 bolbre
340 3044 462 3098 engaglng
470 3045 493 3087 in
502 3045 565 3088 their
573 3057 631 3089 con·
659 3059 725 3103 pens,
742 3044 757 3088 i.
769 3057 789 3089 c.
798 3045 917 3103 planpens
933 3050 960 3091 at
974 3046 1105 3091 lanientur.

169 3114 237 3165 testu,
245 3110 361 3155 anoirrtcd
370 3110 517 3155 themselves
524 3112 630 3167 wirhoil,
691 3111 740 3155 105.
757 3110 853 3169 Delius]
882 3113 987 3168 Aporro;
1005 3124 1033 3157 so
1041 3113 1120 3158 called

169 3180 194 3225 in
210 3180 283 3224 order
293 3183 318 3223 tn
326 3180 383 3235 give
398 3179 519 3236 plirhiltty
530 3184 556 3225 to
567 3182 631 3226 thcir
660 3181 723 3225 from
739 3180 777 3224 ars
794 3181 936 3237 hirrhplace,
948 3182 989 3228 the
1004 3182 1085 3228 island
1095 3180 1121 3227 ol

169 3248 251 3293 limbs.
262 3247 329 3292 Wax
337 3260 387 3291 wass
394 3248 535 3305 commonly
543 3250 628 3294 mixed
658 3250 750 3303 Delos;
762 3250 792 3294 cf.
803 3256 860 3295 noto
873 3264 894 3295 v.
906 3252 942 3295 44.
975 3301 979 3308 ,

168 3316 229 3362 with
245 3315 286 3361 the
301 3315 335 3361 oil
350 3316 399 3360 aad
414 3316 456 3361 the
467 3318 629 3375 composition
690 3318 738 3363 109.
753 3318 812 3377 non]
845 3320 957 3365 Modifios
974 3320 1121 3378 simplex.-

168 3396 219 3432 was
229 3384 308 3431 called
318 3388 419 3430 ceroma.
659 3387 790 3447 intormem]
822 3388 875 3433 The
885 3390 966 3433 Greek
984 3390 1044 3445 boys
1055 3403 1119 3436 wore
1140 3401 1145 3409 “

198 3453 247 3499 101.
263 3450 385 3513 suprema]
427 3452 493 3499 ‘For
516 3454 558 3501 the
582 3454 631 3499 last
659 3456 724 3501 their
733 3457 788 3501 hair
805 3462 882 3502 nncut
896 3458 934 3504 till
944 3459 1004 3517 they
1013 3460 1119 3505 reached

167 3522 244 3571 tImel
658 3523 756 3580 theage
767 3523 916 3583 ofpuberty.
