2492 3900
157 221 219 280 238
422 219 462 269 n.
486 219 612 271 runnu
635 218 829 285 cicunorns
900 208 907 212 ’

157 395 228 457 culo
242 393 501 474 sapientissimum
517 395 706 471 iudicatum3
728 393 807 468 hane
821 415 889 456 esse
903 395 934 456 in
950 403 982 456 te
996 395 1114 476 sapien·

158 493 234 551 tiam
259 492 445 564 existimant,
469 502 503 552 ut
528 494 632 552 emnia
656 493 711 552 tua
725 493 755 551 iu
772 505 803 552 te
818 492 921 575 posita
936 490 1002 553 esse
1017 494 1112 555 ducas

158 590 368 668 humanosque
392 610 480 649 casus
498 589 610 649 virtute
636 589 794 648 inferiores
809 600 908 667 putes.
949 588 1057 670 Itaque
1071 611 1112 650 ex

159 686 479 765 niequaer·11nt,credo
491 706 529 744 ex
544 686 602 744 hoc
617 686 693 744 item
705 685 860 758 Scaevola,
873 705 1005 765 quonam
1019 683 1110 765 paeto

130 792 289 849 5m0rten1
316 772 454 843 Africani
483 784 567 855 ferus,
591 803 688 862 eoque
716 783 835 863 magis,
852 783 934 863 quod
963 783 1109 862 proximis

158 878 267 953 Nonis,
289 901 359 940 eum
379 881 409 940 in
431 881 538 941 hortos
561 879 601 939 D.
620 879 711 940 Bruti
733 880 865 959 auguris
881 880 1111 940 commentandi

158 988 257 1052 causa,
272 988 308 1037 ιιι
332 978 461 1051 adsolet,
477 978 676 1050 venissemus,
690 986 725 1045 ιιι
740 998 802 1036 ιιοιι
826 976 961 1049 adfuisti,
977 977 1027 1056 qui
1043 977 1109 1036 dili-

157 1074 335 1153 gentissime
346 1094 467 1155 semper
476 1074 568 1134 illum
578 1073 663 1133 diem
677 1083 710 1134 et
723 1074 800 1133 illud
816 1094 928 1133 munus
943 1074 1052 1134 solitus
1067 1093 1112 1134 es-

157 1191 205 1230 ses
220 1172 313 1232 obire.

111 1272 147 1332 10
198 1270 225 1328 8.
247 1268 429 1330 Sclaveni.
471 1268 634 1341 Quaerant
652 1266 787 1347 quidem,
802 1268 836 1327 Ο.
852 1266 948 1341 Laeli,
962 1268 1060 1342 multi,
1074 1277 1110 1328 ut

157 1376 205 1426 est
219 1385 237 1425 a
251 1366 371 1426 Fannio
386 1366 522 1439 dictum3
547 1364 600 1424 sed
616 1385 676 1443 ego
689 1364 722 1423 id
741 1365 925 1443 responde0,
948 1366 1030 1444 quod
1045 1365 1109 1424 aui-

128 1450 131 1453 *
156 1484 242 1523 mum
257 1464 385 1537 adverti,
399 1474 431 1523 te
446 1463 593 1535 dolorem,
607 1482 701 1540 quem
725 1462 879 1540 acceperis
906 1482 976 1521 cum
998 1461 1110 1521 summi

157 1560 216 1620 viri
229 1571 297 1621 tum
312 1556 488 1620 amicissimi
501 1569 609 1631 morte,
624 1560 704 1617 ierne
718 1558 887 1631 moderate,
901 1579 958 1618 nec
973 1558 1108 1638 potuisse

157 1678 219 1716 uon
245 1657 432 1717 commoveri
454 1656 615 1715 necfnisse
641 1654 674 1713 id
688 1654 891 1715 humanitatis
916 1666 1006 1729 tuae;
1022 1654 1106 1734 quod

109 1750 147 1809 15
158 1765 261 1813 nutem
282 1754 382 1812 Nonis
397 1753 427 1812 in
444 1752 574 1831 collegio
588 1760 695 1810 nostro
710 1772 771 1809 uon
788 1752 943 1824 adfuisses,
958 1751 1105 1810 valetudi-

156 1870 229 1909 nem
243 1850 414 1929 respondeo
429 1869 560 1921 enusum,
575 1835 636 1907 non
653 1848 840 1906 maestitiam
856 1848 958 1907 luisse.

197 1944 351 2006 Laeuus.
392 1945 492 2005 Recte
514 1958 549 2005 tu
571 1943 707 2024 quidem,
722 1943 879 2018 scaevola,
894 1956 925 2004 et
939 1965 1032 2021 vere3
1053 1965 1110 2014 uec

156 2043 238 2102 enim
253 2043 292 2101 ab
307 2042 367 2102 isto
389 2041 496 2114 officie,
511 2041 595 2121 quod
617 2059 741 2118 semper
763 2041 917 2120 usurpavi,
939 2061 1008 2100 eum
1028 2041 1110 2102 vale·

155 2159 229 2211 rem,
245 2138 358 2199 abduci
378 2138 575 2198 incommodo
591 2157 661 2196 meo
682 2137 786 2211 debui,
801 2157 858 2198 uec
873 2138 936 2198 ullo
949 2157 1020 2197 casu
1035 2138 1110 2197 arbi-

107 2245 221 2306 20tror
243 2235 303 2294 hoc
327 2236 484 2295 constanti
514 2232 633 2294 homini
663 2253 755 2312 pesse
777 2236 966 2314 contingere,
990 2245 1026 2294 ut
1049 2235 1110 2295 ulla

183 2393 205 2440 2.
220 2394 459 2455 artemisia-putea]
490 2391 551 2438 This
566 2405 617 2438 was
647 2391 715 2449 place
731 2393 828 2439 outside
843 2392 873 2439 oi
894 2394 937 2438 the
952 2394 1002 2450 city
1018 2393 1110 2450 having

155 2476 201 2510 one
212 2464 242 2509 of
258 2465 300 2509 tire
316 2464 384 2509 chief
396 2464 518 2508 doctrines
533 2463 562 2508 of
574 2464 617 2508 the
647 2473 663 2506 a
677 2463 742 2507 elear
756 2465 805 2508 and
828 2464 1016 2520 uninterrupted
1037 2465 1106 2508 view.

154 2531 233 2577 Steies
254 2531 369 2576 included
390 2532 415 2576 in
433 2530 498 2576 their
517 2530 618 2586 general
646 2533 864 2577 —eommentandv'
892 2533 977 2591 οαιιιᾶ]
1038 2533 1106 2577 ‘For

154 2599 253 2645 scheme
264 2600 292 2644 of
305 2603 311 2624 ‘
322 2599 398 2655 living
408 2598 581 2654 conformably
592 2605 618 2644 tu
649 2601 692 2645 the
704 2613 809 2658 purpose
819 2601 849 2646 of
856 2602 1032 2658 deliberating'
1045 2615 1109 2658 upon

154 2669 258 2715 nature!
288 2669 340 2716 The
351 2681 422 2714 sense
433 2670 490 2714 here
501 2665 530 2724 is,
549 2671 556 2694 ‘
563 2668 618 2714 that
648 2671 710 2714 such
720 2671 994 2726 mattersashelouged
1011 2672 1111 2716 totheir

154 2751 205 2796 you
223 2740 335 2786 consider
352 2739 384 2785 all
402 2751 468 2794 your
485 2739 617 2794 happiness
648 2739 725 2784 office.
756 2740 808 2785 The
824 2741 912 2785 results
928 2740 957 2785 oi'
972 2741 1032 2786 such
1048 2755 1110 2785 eom·

154 2810 228 2855 hased
241 2822 305 2866 upon
322 2809 441 2865 yourseli,
462 2808 512 2853 aud
528 2807 617 2864 segurd
647 2809 805 2854 mentationea
828 2822 892 2856 were
914 2810 964 2854 laid
988 2812 1061 2855 down
1085 2811 1110 2854 in
1194 2866 1197 2872 ι

154 2877 247 2924 human
265 2885 350 2924 events
366 2891 393 2923 as
411 2878 570 2925 subordinate
591 2885 617 2923 ιο
647 2878 726 2923 books
736 2879 814 2924 called
828 2868 1003 2924 eom'meniarii.

154 2947 250 2992 virtue'
676 2949 698 2995 7.
709 2948 955 3007 qui-solituaeeses]
968 2949 1110 3004 ‘Aithough

183 3016 204 3061 5.
219 3015 335 3072 proximis
348 3015 435 3074 stollis]
461 3017 513 3062 The
524 3017 616 3073 Neues,
646 3029 769 3076 youwere
779 3017 954 3063 aecustomed!

154 3086 196 3131 the
208 3086 278 3130 usual
296 3087 354 3131 time
365 3086 394 3130 cf
408 3087 515 3142 meeting
532 3088 561 3132 oi
575 3087 617 3133 the
676 3086 697 3131 8.
713 3087 897 3145 diem-chire]
939 3088 1004 3132 Here
1021 3099 1037 3131 a
1056 3099 1109 3133 ease
1155 3102 1160 3111 ·

154 3155 257 3211 anguini
267 3155 366 3211 college,
374 3155 504 3200 fellonthe
514 3157 617 3202 seventh
647 3154 677 3199 of
684 3168 795 3212 zeugma,
807 3156 831 3200 in
844 3155 925 3200 which
935 3155 999 3200 obire
1010 3156 1109 3212 belongs

154 3225 184 3269 of
190 3224 359 3279 litarduiiny,
369 3225 384 3268 J
386 3224 437 3280 uly,
446 3225 616 3280 andOctoner,
647 3225 762 3281 properly
777 3226 836 3280 only
851 3229 878 3269 to
893 3238 988 3269 murtae.

154 3293 203 3338 and
214 3295 254 3337 tire
266 3293 320 3336 iiith
330 3293 359 3337 oi
366 3293 415 3346 the
427 3294 497 3344 other
508 3294 617 3338 months.
678 3293 713 3338 14.
729 3293 901 3352 hermentaria]
919 3293 971 3338 The
988 3294 1109 3349 predicate

183 3363 205 3407 6.
221 3361 248 3405 in
273 3361 354 3405 hortos
380 3361 412 3404 D.
439 3361 521 3419 Bruti]
565 3363 618 3407 The
647 3363 754 3418 genitive
765 3364 794 3408 oi
806 3363 993 3408 characteristic.
1097 3360 1101 3368 “

154 3442 255 3487 augura,
266 3430 291 3475 in
302 3430 375 3474 order
385 3431 463 3474 better
473 3436 499 3473 to
510 3431 567 3475 take
574 3431 617 3476 the
678 3431 720 3475 is·
729 3432 791 3490 qaod
798 3423 948 3489 -valer'em]
980 3434 988 3456 ⁴
997 3432 1086 3476 Which
1096 3431 1108 3476 1

154 3499 274 3557 auspices,
295 3490 394 3554 usually
415 3496 523 3543 selected
548 3509 617 3544 some
647 3498 741 3556 always
752 3500 858 3546 iuifilied
868 3500 1024 3547 whenlnas
1037 3499 1108 3546 nell.¹
