2492 3900
194 206 253 267 242
462 204 501 255 Μ.
526 204 653 269 runnu
675 203 871 256 CICERONIS

233 382 291 445 IV.
333 384 381 442 13.
421 380 533 461 Neque
548 381 631 441 enim
652 374 810 448 adsentior
823 380 877 454 eis,
887 378 941 461 qui
955 398 1052 461 nuper
1065 381 1144 443 hsec

194 480 341 539 disserere
366 487 542 557 coeperunt,
564 498 635 537 oum
654 478 832 557 corporibus
852 477 942 537 simul
964 478 1082 536 animos
1098 479 1144 537 in·

193 577 285 637 terire
300 586 393 656 atque
415 575 518 635 omnia
533 586 632 635 morte
648 575 753 634 deleri.
794 574 871 633 Plus
897 573 980 653 apud
1003 595 1053 633 mc
1067 576 1144 635 anti·

194 666 324 752 quorum
348 672 515 732 auctoritas
539 672 632 745 valet,
646 671 695 730 vel
720 680 895 731 nostrorum
918 670 1075 744 maiorum,
1089 672 1144 750 qui

165 770 183 829 5
194 770 322 829 mortuis
333 779 396 829 tam
408 768 549 847 religiosa
558 768 624 826 iura
635 768 817 839 tribuerunt,
828 766 913 846 quod
927 787 987 826 nou
999 766 1144 828 fecissent

192 868 339 948 profecto,
352 866 378 927 si
394 866 468 925 nihil
480 865 518 925 ad
534 885 585 924 eos
599 865 753 944 pertinere
769 865 1006 937 arbitrarentur3
1031 864 1081 923 vel
1095 883 1144 923 eo
1174 944 1178 950 1

47 955 79 1049 β
192 957 1143 1039 rum,quiinhacterrafueruntmagnamqueGraeciam,quae

52 1056 68 1073 ²
192 1077 275 1117 nunc
289 1058 413 1137 quidem
428 1048 531 1117 deletu
546 1066 602 1131 est,
617 1066 684 1116 tum
698 1055 837 1128 florebat,
851 1053 1002 1114 institutis
1016 1063 1142 1132 etprae

193 1154 290 1234 ceptis
314 1155 377 1215 suis
401 1154 596 1228 erudierunt;
621 1153 672 1212 rel
692 1152 767 1225 eius,
782 1151 833 1231 qui
848 1149 1004 1229 Apollinis
1019 1150 1143 1211 oraculo

94 1297 95 1301 ,
145 1253 183 1315 10
193 1253 433 1333 sapientissimus
445 1263 493 1313 est
504 1252 668 1325 iudicatus,
679 1250 731 1331 qui
742 1270 805 1309 non
819 1260 887 1308 tum
897 1249 964 1323 hoc,
975 1259 1043 1310 tum
1056 1250 1143 1326 illud,

192 1360 229 1409 ut
252 1350 284 1409 in
310 1350 471 1429 plerisque,
496 1350 550 1409 sed
573 1349 656 1407 idem
674 1366 812 1426 semper,
836 1345 956 1407 animos
980 1348 1143 1408 hominum

193 1466 259 1517 esse
274 1446 404 1520 divinos,
419 1446 533 1525 eisque,
548 1466 617 1505 cum
634 1466 672 1505 ex
687 1464 814 1525 corpore
840 1445 1050 1519 excessissent,
1063 1445 1143 1505 redi·

191 1552 260 1603 tum
274 1544 304 1602 in
321 1544 438 1603 caelum
463 1554 577 1623 patere,
602 1543 782 1623 optimoque
797 1552 830 1603 et
845 1542 1013 1603 iustissimo
1033 1543 1142 1622 cuique

192 1639 467 1719 expeditissimum.
510 1640 555 1699 14.
578 1639 669 1711 erod
695 1640 779 1699 idem
805 1640 940 1719 Scipioni
971 1639 1144 1713 videbatur,

144 1732 245 1815 l5qui
260 1736 393 1816 quidem,
407 1736 494 1815 quasi
515 1736 715 1815 praesagiret,
729 1736 889 1815 perpaucis
914 1746 986 1796 ante
1010 1720 1145 1796 mortem

192 1832 310 1905 diebus,
321 1852 391 1890 cum
406 1841 437 1891 et
449 1832 556 1890 Philus
571 1842 603 1892 et
617 1832 765 1892 Manilius
781 1832 905 1893 adesset
921 1844 953 1893 et
967 1833 1018 1892 alii
1032 1834 1145 1912 plures,

191 1931 288 2003 tuque
307 1922 409 1998 etiarn,
425 1923 579 1997 Scaevola,
597 1944 716 1984 mecum
731 1925 878 1999 venisses,
893 1924 1031 1986 triduum
1052 1925 1146 1984 ‹lisse-

191 2019 254 2079 ruit
279 2020 317 2078 de
340 2039 372 2078 re
396 2018 527 2098 publica,
541 2020 628 2080 cuius
643 2021 861 2100 disputationis
886 2021 946 2081 fuit
971 2032 1145 2082 extremum

191 2116 254 2176 scre
269 2117 308 2176 dc
323 2116 543 2176 inmortalitate
568 2119 749 2191 animorum,
764 2140 842 2199 quae
869 2119 947 2179 sein
964 2118 1066 2197 quiete
1089 2137 1143 2196 per

144 2214 291 2274 advrsum
306 2235 344 2273 ex
358 2215 504 2274 Africano
520 2215 639 2273 audisse
653 2215 785 2275 dicebat.
819 2215 857 2274 Id
874 2216 900 2274 si
913 2216 958 2275 ita
973 2224 1030 2287 est,
1045 2225 1079 2273 ut
1094 2233 1145 2292 op

191 2311 259 2371 timi
271 2313 416 2390 cuiusque
428 2312 547 2370 animus
559 2313 587 2370 in
601 2323 700 2372 morte
712 2313 856 2372 facillime
868 2313 971 2372 evolet
986 2321 1145 2390 tamquam

191 2409 361 2469 ecustodia
374 2408 542 2490 vinclisque
557 2410 710 2489 corporis3
731 2409 780 2469 cui
796 2428 955 2470 censemus
967 2427 1088 2469 cursum
1104 2407 1146 2467 sd

190 2569 277 2615 triciun
289 2574 398 2615 senators
408 2582 424 2614 a
433 2570 539 2616 number
549 2568 579 2615 oi
590 2581 651 2614 non·
712 2569 748 2615 10.
763 2574 815 2615 tum
825 2569 878 2624 hoc,
896 2574 948 2615 tum
958 2567 1029 2628 illud]
1063 2566 1146 2612 ‘Who

190 2639 330 2696 patricisns,
341 2643 367 2683 to
379 2639 460 2682 whom
475 2637 518 2683 the
534 2639 586 2683 title
596 2653 652 2682 cors·
681 2639 725 2685 did
735 2643 779 2685 not
788 2640 909 2685 malntain
918 2645 944 2684 st
959 2651 1006 2684 ona
1016 2638 1076 2684 time
1086 2636 1145 2692 this,

190 2706 275 2764 scripti
283 2708 301 2764 (¹
309 2706 390 2752 added
397 2710 422 2752 to
429 2706 469 2752 thc
477 2706 525 2751 roll
532 2705 549 2764 ’)
561 2704 652 2751 should
665 2709 671 2717 '
681 2711 706 2752 ut
716 2709 821 2754 another
830 2708 890 2752 time
900 2706 970 2753 that?

190 2775 220 2821 bc
231 2776 312 2832 given.
711 2777 748 2824 11.
763 2777 790 2822 in
796 2776 928 2837 plerisque]
949 2776 1001 2822 ‘On
1012 2778 1078 2822 most
1088 2775 1146 2821 sub·

220 2844 242 2888 1.
258 2844 302 2904 eis]
338 2845 378 2890 He
397 2857 482 2890 means
498 2844 539 2890 the
559 2843 651 2901 Epicu·
684 2846 765 2903 jccts!
1046 2902 1053 2913 Ι

189 2923 270 2968 reans,
282 2913 347 2966 who,
355 2913 380 2957 in
391 2914 432 2958 thc
442 2912 537 2959 timeoi
544 2913 651 2967 Laelius,
712 2916 747 2961 18.
762 2916 791 2962 de
805 2930 832 2962 re
843 2915 952 2975 postica]
975 2915 1035 2960 This
1044 2926 1145 2960 muuer-

190 2992 254 3025 were
272 2981 430 3040 introducing
447 2983 509 3028 their
526 2982 652 3030 doctrines
680 2989 759 3031 sutton
771 2986 867 3032 lomncd
878 2986 920 3031 the
931 2986 1025 3042 suhjcct
1036 2985 1065 3031 of
1078 2984 1145 3030 Cice·
1166 2981 1174 2990 '

190 3053 216 3094 at
226 3049 314 3094 Rome.
683 3054 732 3099 ro's
750 3055 788 3101 De
798 3054 1146 3110 Republica-cuim-ez·

217 3121 241 3166 6.
257 3122 350 3182 eorum]
380 3122 468 3168 Refcrs
483 3131 509 3170 to
525 3124 567 3171 the
580 3123 654 3172 Italic
682 3124 795 3184 tremum]
828 3123 896 3169 ‘The
904 3124 952 3169 lust
962 3128 1017 3180 part
1028 3124 1057 3168 of
1063 3121 1146 3167 which

190 3189 276 3236 school
287 3190 316 3234 of
323 3192 500 3248 philosophcrs,
511 3206 540 3238 or
549 3195 591 3240 the
602 3195 652 3258 l‘y·
683 3193 838 3239 discussion!
877 3194 917 3239 He
942 3193 1038 3238 alludes
1062 3196 1087 3237 to
1102 3191 1146 3237 the

189 3260 344 3314 thagoreans,
355 3259 404 3304 and
415 3261 479 3306 their
493 3262 602 3308 doctrine
618 3263 648 3308 os
682 3266 689 3289 ‘
698 3263 790 3309 Dreum
807 3263 837 3309 os
857 3263 955 3320 Scipio,'
971 3263 1052 3307 which
1069 3263 1146 3307 forms

189 3328 407 3385 metempsychosis
415 3342 444 3374 or
454 3333 652 3388 transmigration
681 3333 724 3378 the
747 3334 816 3378 sixth
834 3334 884 3378 and
905 3333 952 3377 last
972 3333 1038 3378 book
1058 3331 1147 3377 ottho

189 3395 220 3442 of
231 3396 305 3441 souls.
681 3402 913 3446 above-mentioned
925 3402 1030 3446 trustise.

218 3465 241 3508 9.
257 3461 318 3524 eius]
344 3465 517 3514 i.e.SocritteS.
543 3468 651 3516 Cf.nots
712 3470 747 3514 19.
763 3470 983 3530 quietepervs'sum]
1011 3469 1146 3526 ‘Through

189 3544 223 3578 cn
232 3532 281 3578 linc
292 3532 327 3589 18,
337 3533 460 3592 pagensi.
680 3550 697 3584 a
707 3539 788 3586 vision
797 3540 823 3586 in
831 3539 869 3595 his
880 3540 963 3598 slcep.'
