2492 3900
147 232 188 296 88
442 229 475 288 P·
499 227 624 288 ovum
645 226 806 286 susem
977 227 1100 298 [uret

149 407 286 489 Cuspide
299 415 466 489 praetentu.
506 406 598 470 Furit
610 406 673 481 ille,
685 415 719 468 et
731 404 836 468 inanis
848 405 928 469 dmu

148 505 289 568 Vulnera
302 505 358 566 dat
372 504 460 579 ferro,
473 504 603 584 figitque
618 503 650 566 in
664 503 804 565 aoumine
818 503 939 567 dentes.

148 599 276 680 lemque
291 599 466 660 venenifero
480 598 606 678 sanguis
619 617 745 659 manare
760 599 865 677 palato
1061 597 1100 664 8⁶

150 697 302 776 Coeperat
315 707 348 756 et
361 696 475 756 virides
490 694 674 775 adspergine
688 695 823 756 tinxerat
837 695 965 776 herbas:

149 793 213 854 Sed
226 795 295 854 leve
309 793 421 852 vulnus
435 801 510 866 erat,
524 792 596 872 quia
610 811 643 850 se
656 791 834 852 retrahebat
847 791 887 852 ab
899 792 974 868 ietu,

148 887 307 968 Laesuque
322 886 401 948 oolla
414 887 510 946 dabat
521 881 613 959 retro,
627 885 811 966 plagamque
824 886 933 947 sedere

149 984 298 1046 Cedendo
313 983 444 1055 arcebat,
459 1001 517 1044 neo
529 982 653 1061 longius
666 982 711 1042 ire
725 981 865 1044 sinebat:

147 1077 258 1138 Donee
271 1077 465 1158 Agenorides
478 1075 653 1136 oonieotum
667 1075 700 1136 in
713 1086 840 1155 gutture
854 1077 968 1139 ferrum
1060 1079 1099 1142 9⁰

148 1173 258 1255 Usque
271 1193 403 1256 sequens
415 1172 536 1254 pressit,
550 1173 626 1234 dum
638 1183 723 1233 retro
736 1191 865 1252 quereus
879 1174 967 1238 eunti

148 1268 286 1343 Obstitit,
301 1281 334 1328 et
346 1267 409 1330 fixe
422 1277 470 1328 est
482 1267 598 1347 pariter
611 1285 682 1328 eum
695 1266 806 1328 'robore
819 1268 933 1330 cornix.

147 1364 292 1426 Pondere
306 1364 457 1446 serpentis
471 1374 599 1424 eurvata
612 1373 662 1425 est
675 1362 773 1438 arbor,
787 1373 820 1426 et
832 1365 913 1426 imae

148 1459 242 1520 Parte
256 1459 402 1540 flagellari
416 1457 536 1537 gemuit
546 1471 601 1518 sue
614 1457 725 1518 robora
738 1458 863 1519 oaudae.

147 1552 233 1612 Dum
247 1553 382 1633 spatium
397 1553 495 1612 vietor
508 1551 584 1612 vieti
597 1551 773 1614 considerat
786 1552 891 1628 lrostis,
1059 1556 1099 1618 95

147 1646 221 1707 Vox
232 1647 335 1706 subito
345 1646 451 1706 audita
461 1655 634 1726 estzneque
645 1655 902 1726 erateognosoeue
912 1661 1090 1730 proruptum

147 1741 252 1816 Unde,
266 1746 319 1804 sed
335 1743 440 1803 audite
453 1752 516 1802 est:
526 1741 646 1814 “Quiri
659 1741 803 1821 Agenore
814 1754 895 1817 nate,
906 1759 1099 1827 peremptum

148 1841 331 1921 Serpentem
345 1840 487 1921 spectas?
509 1848 541 1899 et
553 1849 589 1900 tu
603 1839 782 1918 spectabere
795 1841 948 1920 serpens.”

147 1937 205 1999 llle
219 1938 273 1999 diu
287 1937 418 2018 pavidus
432 1936 547 2017 pariter
560 1956 633 1997 oum
646 1946 750 1997 mente
764 1937 899 1998 colorem

147 2034 338 2108 Perdiderat,
352 2034 516 2115 gelidoque
531 2052 639 2093 comae
652 2044 768 2093 terrore
781 2034 932 2114 rigebant.
1009 2037 1015 2047 ’
1039 2038 1097 2102 100

146 2130 229 2191 Εοοο
244 2129 300 2190 viri
314 2130 436 2203 liiutrix,
451 2149 577 2209 superas
591 2129 718 2209 delapsa
730 2149 786 2210 per
798 2150 898 2205 aurae

146 2227 250 2288 Pallas
265 2226 361 2299 adest,
376 2237 537 2307 motaeque
553 2226 640 2286 iubet
653 2246 825 2305 supponere
838 2237 939 2289 terrae

146 2325 299 2403 Vipereos
312 2324 431 2398 dentes,
444 2323 550 2404 populi
564 2323 754 2384 incrementa
765 2323 869 2385 futuri

146 2420 251 2494 Paret,
264 2430 296 2480 et
311 2429 347 2480 ut
358 2440 464 2501 presso
478 2420 596 2481 sulcum
608 2420 755 2500 patefeeit
769 2431 880 2495 aratro,

147 2517 272 2599 Spargit
286 2518 371 2579 humi
385 2517 491 2593 iussos,
504 2517 647 2577 mortalia
659 2518 785 2592 semina,
798 2518 917 2580 dentes·
1037 2520 1096 2582 105

174 2678 211 2725 88.
226 2677 299 2725 dabat
313 2676 388 2737 retro]
415 2676 504 2725 ‘Dreu
518 2674 599 2722 book!
665 2674 702 2722 98.
716 2676 960 2739 speuatcreserpem]
987 2678 1096 2726 Cadmus

145 2745 409 2807 -sedere—ureetet]
453 2746 606 2791 ‘Prevonrod
637 2746 963 2805 watersterwardsehaugod
978 2755 1004 2795 to
1018 2762 1096 2797 aser·

146 2816 212 2863 from
220 2815 389 2873 penetrotlng!
418 2816 607 2861 Aremiothus
636 2818 695 2871 pent
719 2815 752 2871 by
772 2814 849 2871 Mers,
873 2816 931 2862 who
954 2818 1023 2874 glres
1046 2819 1096 2864 thrs

147 2883 263 2930 followed
274 2884 307 2939 by
318 2884 361 2927 the
372 2882 490 2929 infinitivo
506 2884 567 2940 only
582 2883 606 2929 in
634 2886 752 2940 werning.

146 2960 235 3012 poetry
258 2952 309 2998 and
330 2952 357 2997 iu
382 2952 423 2998 the
450 2952 512 2998 later
536 2965 607 3010 prese
666 2954 715 3000 loz.
732 2954 947 3015 metae-terrae]
994 2956 1097 3003 ‘Under

147 3023 251 3069 writers.
637 3024 678 3069 the
703 3024 772 3069 earth
800 3024 889 3071 turned
915 3038 949 3083 up
973 3026 1032 3072 with
1054 3028 1097 3075 tlre

175 3090 213 3136 90.
228 3088 255 3135 in
268 3088 376 3150 petitum]
406 3088 466 3135 This
483 3094 608 3136 tonstrua·
636 3093 748 3149 protest!

146 3161 200 3206 tlon
211 3160 269 3205 with
280 3158 412 3205 coniectum
419 3160 544 3205 denotesa
551 3171 607 3204 ron·
667 3162 715 3207 10³.
736 3162 857 3222 Vipereos]
875 3164 927 3209 ‘Os
933 3165 974 3211 the
985 3166 1095 3226 drogon:

147 3226 226 3276 dition
236 3228 266 3273 of
273 3232 324 3273 rest
331 3240 358 3273 ns
368 3240 383 3273 a
393 3229 470 3274 result
480 3229 509 3274 ol
516 3228 558 3273 tte
568 3240 607 3273 to·
666 3231 715 3277 105.
730 3232 810 3293 humi]
840 3233 878 3279 Cf.
899 3234 980 3291 honre,
1000 3249 1024 3283 v.
1046 3236 1096 3287 127.

146 3297 337 3356 eomplishment
347 3298 425 3345 estha
435 3299 524 3345 aetion.
635 3298 777 3356 Elsewhere
786 3304 850 3351 Ouid
867 3304 912 3350 hus
927 3305 1019 3352 semino
1028 3321 1097 3366 spar-

175 3368 211 3413 91.
226 3366 304 3427 eum]
335 3367 495 3427 strepenti.
632 3384 689 3430 pere
709 3371 960 3435 hume.-'-mortalia]
997 3376 1024 3422 Is
1038 3377 1097 3427 here

175 3436 213 3482 94.
228 3450 274 3482 rue
313 3434 407 3495 redere]
463 3436 542 3482 ‘Thet
574 3436 607 3483 lte
636 3441 776 3497 equivaleut
792 3446 819 3489 to
834 3454 866 3490 an
887 3445 1006 3501 objeetlve
1028 3447 1097 3505 genl-

147 3506 224 3552 trunk
232 3504 254 3562 ;'
269 3506 364 3565 suujeet
373 3504 539 3567 erstayellert'.
636 3507 701 3563 tiro;
713 3509 827 3557 ‘whence
836 3512 988 3561 mortalsare
997 3513 1078 3562 born'
