2492 3900
181 259 240 329 208
452 257 491 308 n.
515 258 642 315 runnu
665 257 861 316 cromerus

181 438 329 516 nrispectu
351 435 531 515 pulchrius?
573 434 678 496 dicius
701 436 826 515 quidem
846 456 910 496 non
938 435 1056 506 utilitas
1077 456 1140 509 me

179 535 290 607 solum,
305 544 339 593 ut
355 544 426 592 ante
450 534 522 606 dixi,
544 532 598 597 sed
624 533 718 594 etiarn
741 534 861 600 cultura
874 542 915 616 et
935 543 1046 602 natura
1067 533 1141 613 ipss

165 628 332 708 delectat:
356 627 611 689 adminiculorum
627 627 758 701 ordines,
775 627 912 706 capitum
925 627 1053 707 iugatio,
1066 628 1140 689 reli-

181 725 266 804 gatio
289 734 320 783 ct
342 724 523 804 propagatio
538 724 658 796 vitium,
672 734 960 803 sarmentorumque
981 745 1027 798 ea,
1041 722 1139 805 quam

154 821 256 892 edixi,
279 822 408 889 aliorum
431 819 611 901 amputatio,
634 819 765 887 aliorum
784 819 934 888 inmissis.
975 820 1060 893 Quid
1075 842 1138 901 ego

181 912 472 999 iur'igstionesquid
486 917 636 982 fossiones
651 916 718 996 agri
731 917 1049 998 repastinationesque
1063 937 1138 998 pro-

175 1018 285 1088 feram,
300 1015 409 1094 quibus
429 1014 465 1087 fit
484 1014 582 1075 multo
597 1025 679 1074 terra
693 1013 878 1076 fecundior?
920 1015 967 1075 54.
989 1014 1072 1087 Quid
1094 1015 1138 1075 de

175 1112 316 1179 ,utilitate
339 1113 447 1191 loquar
472 1110 685 1173 stercorandi?
724 1110 803 1179 Dixi
822 1109 854 1175 in
875 1131 913 1171 eo
934 1112 1021 1184 libro,
1042 1131 1139 1190 quem

182 1209 361 1277 “derebus
383 1207 531 1274 r·asticis⁴'‘
549 1207 679 1287 scripsi:
701 1192 741 1267 de
763 1219 824 1287 qus
847 1207 959 1270 doctus
978 1208 1139 1281 Hesiodus

128 1314 171 1377 10
180 1328 219 1372 ne
234 1306 363 1371 verbum
377 1306 502 1386 quidem
523 1306 605 1379 fecii,
620 1325 691 1375 curn
707 1306 746 1365 de
760 1306 881 1375 culturis
895 1305 962 1384 agri
973 1306 1137 1375 scriberet.

173 1405 227 1471 ,At
242 1407 404 1477 Homerus,
421 1402 472 1483 qui
491 1403 605 1475 multis,
625 1402 757 1472 etmihi
772 1402 904 1475 videtur,
919 1412 991 1466 aute
1006 1402 1138 1475 saeculis

152 1508 155 1515 '
181 1501 246 1573 suit,
271 1499 416 1560 Laertem
439 1500 607 1567 lenientem
626 1499 824 1572 desiderium,
846 1499 1092 1578 quodcnpiebst
1117 1520 1137 1566 e

174 1598 252 1670 ¹lilio,
267 1598 421 1663 colentem
435 1617 544 1675 agrum
566 1606 598 1655 et
619 1616 690 1654 eum
699 1605 926 1662 stercorantem
941 1596 1024 1665 facit.
1063 1595 1138 1669 Nec

177 1713 254 1755 sero
268 1693 425 1770 segetibus
437 1693 549 1759 ,solum
563 1701 597 1752 et
610 1692 707 1771 pratis
721 1701 754 1751 et
773 1691 919 1758 vinoismt
933 1692 1065 1761 arbustis
1085 1712 1138 1755 res

129 1803 172 1865 15
182 1789 311 1863 rusticae
328 1788 434 1853 laetae
447 1798 541 1862 sunt,
554 1788 608 1847 sed
625 1787 721 1850 hortis
743 1787 837 1855 etiam
852 1797 884 1847 ct
899 1788 1051 1865 pomariis,
1065 1798 1137 1862 turn

173 1884 333 1969 «pecudum
361 1896 460 1965 pastu,
488 1884 593 1964 apium
621 1883 824 1958 examinibus,
852 1885 964 1946 florum
995 1886 1139 1958 omniurn

183 1982 340 2050 varietate.
382 1981 451 2042 Nec
467 1983 655 2042 consitiones
670 1983 764 2042 modo
779 1983 945 2056 delectant,
958 1984 1137 2058 sedetiam

174 2079 566 2158 insitiones,*quibusnihil
580 2079 702 2148 invenit
715 2079 781 2158 agri
795 2079 1094 2147 culturasollertius.

221 2171 314 2239 XVI.
335 2172 382 2231 55.
423 2172 556 2235 Possum
576 2171 720 2252 persequi
739 2172 894 2251 permulta
908 2173 1138 2242 oblectamenta

125 2262 170 2332 ι20
183 2273 283 2314 rerum
303 2252 493 2325 rusticarum,
508 2252 562 2312 sed
588 2272 624 2313 ea
646 2251 722 2331 ipsa,
737 2251 904 2330 quae-dixi,
919 2253 1019 2312 sentio
1040 2253 1137 2322 fuisse

180 2349 326 2430 longiora.
360 2348 652 2430 Ignoscetisautem
663 2369 671 2423 ;
690 2369 762 2411 nam
773 2359 805 2407 ct
816 2349 921 2418 studio
935 2369 1037 2418 rerum
1048 2351 1139 2423 rusti·

209 2509 231 2557 2.
246 2513 273 2555 ut
286 2513 343 2555 ente
356 2507 419 2567 dier]
449 2508 497 2554 ¹01.
512 2521 574 2567 pege
587 2509 641 2567 206,
670 2509 775 2554 dientive
788 2509 885 2566 isthus
901 2508 1035 2566 employed
1051 2509 1075 2554 in
1091 2510 1138 2557 the

171 2581 229 2629 illuc
239 2582 273 2636 19,
283 2594 321 2638 sq.
670 2579 783 2635 apedosis
805 2577 836 2624 cf
847 2578 959 2634 ,implied
983 2579 1138 2635 conditional

119 2641 122 2647 ⁸
202 2651 230 2698 ³.
245 2651 351 2710 capitum
367 2650 470 2710 inpetis]
508 2650 561 2701 The
575 2651 641 2708 j0in-
660 2654 805 2704 sentences,
826 2649 908 2704 where
927 2646 1070 2704 weshould
1090 2661 1138 2694 ex-

178 2720 221 2778 lng
241 2720 270 2766 of
287 2720 329 2765 the
344 2723 398 2776 tops
419 2720 449 2764 of
465 2719 507 2765 tire
525 2724 640 2776 supporta
670 2723 725 2773 pect
740 2717 782 2761 the
799 2717 962 2773 subjunctive.
994 2718 1031 2762 Oi.
1050 2717 1137 2763 Pluri-

178 2789 241 2835 with
249 2790 428 2834 erese-intrices.
669 2785 1136 2848 mquidemproserrcpcssemus,1lep.

209 2858 244 2903 12.
253 2873 272 2904 -e
284 2857 352 2917 filio]
383 2859 399 2903 i.
414 2867 435 2902 e.
452 2857 549 2910 Ulixes.
586 2858 639 2905 The
669 2854 757 2912 Enam.
775 2856 807 2909 iv.
825 2855 848 2900 6.
856 2857 1009 2916 —persequfl
1055 2857 1138 2906 Fors

178 2938 280 2984 psssage
290 2926 398 2971 referred
409 2931 435 2971 to
444 2927 465 2971 is
473 2928 500 2972 in
510 2927 552 2972 the
560 2925 641 2983 Odys·
671 2925 766 2969 similer
776 2937 819 2970 use
830 2924 860 2969 oi
871 2927 913 2970 the
924 2926 1001 2982 word,
1012 2926 1044 2971 cf.
1056 2927 1088 2972 ri.
1098 2927 1136 2986 16,

171 2983 231 3051 'sey‚
243 2997 312 3039 xxiv.
323 2995 374 3050 226,
387 3007 423 3052 sq.
671 3007 732 3051 page
744 2993 793 3049 182,
806 2994 855 3039 line
868 2995 903 3042 ri.

209 3062 244 3107 13.
252 3060 330 3120 facit]
363 3063 544 3118 ‘Represcnts’
698 3062 735 3107 20.
751 3077 811 3120 patae
846 3062 908 3121 dim]
970 3063 1136 3110 Subordinste

209 3129 244 3178 17.
258 3129 578 3191 consitiones-insitiones]
587 3131 641 3178 The
670 3131 765 3177 elsuses
775 3133 800 3177 in
810 3132 853 3177 thc
860 3132 938 3178 oratio
946 3133 1042 3191 ellipse
1050 3135 1136 3179 usual·

180 3198 273 3260 plureis
293 3210 334 3243 nre
354 3199 416 3259 used
430 3211 458 3243 ss
475 3200 596 3258 referring
614 3206 641 3246 to
670 3201 697 3257 ly
708 3202 780 3247 stsnd
794 3203 819 3246 iu
836 3202 878 3247 the
896 3202 1052 3258 subjunctive
1059 3218 1066 3256 ;
1090 3204 1137 3249 hut

180 3267 222 3310 the
242 3267 340 3310 various
358 3267 472 3310 methorls
485 3268 514 3311 of
528 3269 641 3326 planting
669 3268 742 3314 when
772 3271 833 3327 they
858 3272 957 3316 contem
989 3276 1136 3318 statements

182 3333 230 3386 and
240 3333 355 3390 grafting.
670 3339 752 3383 which
771 3352 813 3384 urs
833 3343 895 3394 true,
917 3341 1084 3396 independent
1098 3344 1139 3387 of

203 3401 246 3445 18.
262 3401 356 3459 quihus]
398 3400 451 3446 Tho
461 3402 567 3450 nblstive
577 3403 642 3449 aiter
671 3405 712 3450 the
723 3408 859 3462 quotation,
878 3408 1069 3453 theiudicstive
1087 3421 1135 3455 can

174 3469 223 3514 =lhe
233 3469 399 3524 comparative
409 3469 533 3514 sollertius.
672 3473 702 3518 be
717 3475 786 3519 used.

212 3538 247 3583 19.
258 3537 373 3596 Possum]
390 3535 542 3596 Frequently
552 3540 593 3586 tho
604 3541 641 3586 in·
699 3543 737 3589 21.
753 3543 874 3603 lenpicrc]
886 3545 1047 3593 ‘Esther-too
1057 3547 1135 3606 long!
