2492 3900
204 210 264 273 272
465 212 505 262 Μ.
527 211 655 263 TULLII
678 211 874 265 CICERONIS

203 388 337 448 uolebat.
379 388 427 450 70.
449 388 541 461 Quod
553 388 730 471 faciendum
741 388 986 470 imitandumque
998 398 1045 452 est
1060 391 1149 451 omni·

202 483 269 558 bus,
284 495 327 557 ut,
348 485 373 545 si
389 506 477 564 quam
492 486 712 564 praestantiam
727 483 860 558 virtutis,
874 485 999 565 ingenii,
1014 475 1148 548 fortunae

203 582 359 642 consecuti
373 592 454 655 suut,
470 582 641 661 inpertiant
655 604 692 642 ea
706 583 767 642 suis
783 582 1070 663 communicentque
1084 606 1149 645 cum

201 679 357 756 proximis,
372 688 415 753 ut,
429 679 456 739 si
478 680 657 759 parentibus
677 679 740 740 nati
764 680 828 740 sint
846 680 1022 755 humilibus,
1043 682 1067 741 si
1089 702 1150 761 pro·

173 773 332 854 hpirrquos
356 777 491 837 habeant
515 776 718 837 inbecilliores
743 778 792 837 vel
816 777 920 845 animo
945 779 995 837 vel
1020 780 1146 855 fortuna,

201 892 308 932 eorum
324 884 457 951 augeant
471 894 546 952 opes
566 873 672 952 eisque
687 874 796 932 honori
810 874 873 934 sint
887 883 919 934 et
933 874 1077 954 dignitati
1089 897 1097 950 3
1119 888 1150 938 ut

200 968 232 1028 iu
247 968 366 1042 fabulis,
381 970 434 1049 qui
454 970 645 1050 aliquamdiu
669 980 796 1048 propter
809 970 1034 1049 ignorationem
1050 971 1149 1051 stirpis

201 1074 234 1124 et
248 1066 370 1144 generis
387 1068 419 1125 iu
441 1067 590 1127 famulatu
611 1066 736 1139 fuerint,
750 1086 820 1125 cum
836 1066 952 1145 cogniti
967 1077 1040 1127 suut
1054 1078 1086 1128 et
1100 1081 1150 1128 ant

201 1161 330 1221 deorum
345 1172 400 1223 aut
414 1183 522 1243 regum
544 1162 599 1221 filii
621 1161 751 1235 inventi,
766 1162 902 1223 retinent
922 1173 1025 1223 tamen
1048 1165 1150 1226 carita·

153 1264 191 1324 10
201 1268 265 1319 tem
279 1258 310 1318 in
331 1270 479 1338 pastores,
494 1279 570 1339 quos
591 1270 695 1338 patres
717 1258 832 1318 multos
854 1279 950 1319 anuos
973 1280 1039 1321 esse
1060 1262 1151 1322 duxe-

201 1368 282 1417 ruut.
324 1356 418 1428 Quod
433 1368 481 1417 est
496 1356 592 1416 multo
608 1355 746 1433 profecto
761 1355 860 1434 magis
874 1354 905 1414 in
920 1356 999 1416 veris
1012 1357 1149 1437 patribus

201 1452 354 1532 certisque
369 1452 554 1513 faciendum.
594 1451 729 1511 Fructus
750 1451 832 1511 enim
848 1452 964 1531 ingenii
980 1462 1012 1513 et
1025 1453 1149 1515 virtutis

197 1549 361 1629 omnisque
383 1548 589 1629 praestantiae
614 1558 682 1609 tum
706 1548 859 1609 maximus
879 1550 1006 1629 capitur,
1028 1552 1150 1613 cumin

201 1646 377 1725 proximum
391 1666 544 1726 quemque
558 1646 724 1705 confertur.

153 1744 191 1803 15
240 1742 315 1801 XX.
337 1743 385 1803 71.
426 1742 473 1804 Ut
487 1743 582 1821 igitur
596 1742 626 1816 ii,
641 1742 692 1821 qui
708 1742 825 1803 suntin
841 1742 992 1802 amicitiae
1007 1743 1151 1824 coniunc-

200 1838 354 1918 tionisque
369 1839 596 1901 necessitudine
607 1839 788 1919 superiores,
799 1859 967 1918 exaequare
979 1859 1011 1898 se
1022 1859 1092 1898 cum
1103 1840 1149 1899 in·

199 1936 360 1998 senioribus
375 1938 498 2013 debent,
512 1937 557 1998 sic
570 1936 729 1998 inferiores
743 1959 806 1998 non
822 1937 925 1998 dolere
940 1957 972 1996 se
987 1956 1005 1996 a
1019 1936 1080 1996 suis
1094 1946 1151 1998 aut

201 2033 325 2112 ingenio
350 2046 403 2096 aut
427 2036 549 2096 fortuna
573 2047 628 2094 aut
649 2034 802 2113 dignitate
823 2035 967 2114 superari.
1009 2034 1152 2106 Quorum

200 2130 336 2211 plerique
348 2144 401 2192 aut
410 2141 580 2212 queruntur
594 2151 716 2210 semper
730 2131 856 2211 aliquid,
868 2141 922 2192 aut
936 2132 1028 2192 etiam
1043 2151 1153 2209 expro-

151 2235 190 2296 20
201 2228 309 2304 brant;
333 2249 430 2309 eoque
446 2230 553 2309 magis,
567 2229 594 2289 si
608 2229 721 2288 habere
733 2248 766 2289 se
779 2238 891 2308 putant
911 2230 994 2309 quod
1016 2229 1153 2289 officiose

200 2335 233 2386 et
258 2326 354 2386 amice
375 2337 407 2386 et
428 2345 498 2386 cum
517 2326 621 2386 labore
644 2325 748 2404 aliquo
769 2345 824 2385 suo
845 2325 962 2385 factum
977 2336 1092 2409 queant
1105 2326 1154 2385 di·

200 2442 288 2498 cere;
309 2422 450 2483 odiosum
464 2442 536 2484 sane
550 2442 649 2502 genus
670 2421 840 2494 hominurn,
857 2422 954 2481 officia
967 2411 1155 2501 exprobran-

199 2521 287 2595 tium,
301 2540 379 2600 quae
393 2521 570 2582 meminisse
583 2519 679 2580 debet
699 2517 736 2592 is,
756 2518 789 2578 in
810 2538 902 2597 quern
923 2519 1047 2579 conlata
1067 2529 1155 2594 sunt,

198 2638 260 2679 non
276 2637 513 2678 commemorare
532 2617 584 2698 qui
598 2615 740 2677 contulit.
781 2616 830 2676 72.
853 2614 956 2686 Quam
970 2616 1099 2690 obrem,
1115 2626 1156 2677 ut

227 2777 249 2824 3.
265 2777 303 2836 eu]
335 2778 403 2824 Here
417 2777 494 2823 refers
509 2779 536 2822 to
553 2775 594 2822 the
618 2787 657 2822 re·
686 2786 713 2820 aa
733 2773 865 2821 anatural
886 2773 1030 2832 friendshlp.
1068 2775 1107 2822 Of.
1125 2787 1154 2822 v.

198 2847 491 2905 sultsofprueatantiam.
686 2844 721 2889 19.

226 2916 248 2960 4.
262 2914 390 2973 praenimis]
443 2913 532 2959 ‘Their
559 2915 657 2974 maereat
715 2911 888 2971 rucuma]
919 2912 935 2958 i.
946 2924 969 2958 e.
978 2913 1120 2959 acdeorum.

196 2984 326 3039 relatives,’
336 2996 365 3028 or
376 2987 451 3028 ‘next
460 2983 489 3027 of
496 2981 554 3027 kin!
714 2983 750 3027 19.
765 2981 917 3041 amohraat]
936 2981 1033 3028 ‘Break
1042 2987 1085 3028 out
1094 2983 1157 3030 into

226 3052 248 3099 7.
263 3051 291 3096 ia
314 3050 420 3112 subulas]
474 3050 523 3095 ‘ln
554 3048 656 3105 myths!
685 3063 749 3109 open
759 3051 973 3098 remonstrances.’

197 3119 309 3176 Seyffert,
335 3121 455 3175 however,
481 3119 558 3164 refers
588 3118 674 3167 rheae,
714 3121 751 3166 2l.
766 3121 820 3180 meo]
852 3122 906 3167 ‘On
917 3122 980 3167 their
989 3134 1044 3167 own
1052 3121 1129 3178 part.’

182 3189 278 3248 ,words
303 3192 328 3234 to
352 3188 479 3234 theatrical
504 3192 656 3244 representa·
713 3189 749 3235 22.
764 3190 1002 3249 odiosum—ymas]
1035 3190 1157 3247 lnappo-

197 3258 269 3313 tione,
290 3259 329 3303 ‘in
349 3258 437 3314 plays·
467 3258 503 3302 As
518 3257 655 3315 examples,
685 3259 758 3304 sition
769 3265 796 3306 to
803 3259 951 3318 pleriquam
959 3260 1008 3304 line
1018 3251 1167 3313 19,above.‘

196 3326 320 3372 Romulus
336 3327 385 3372 and
400 3327 502 3382 Remus,
514 3326 601 3384 Cyrus,
613 3327 656 3374 Se-
666 3383 672 3391 ,
684 3350 714 3360 -
723 3327 856 3381 luminum,
877 3327 960 3387 officia
982 3326 1160 3384 exprobranti-

196 3395 314 3450 miramts,
339 3396 389 3441 and
414 3396 525 3453 oedipus
545 3408 604 3453 may
625 3399 655 3442 be
683 3396 736 3455 um]
768 3395 818 3440 ‘Os
839 3396 933 3452 people,
959 3395 1015 3440 who
1035 3401 1088 3439 cast
1107 3397 1162 3444 the

195 3464 344 3510 mentioned.
683 3465 829 3510 hiudnesses
844 3463 925 3508 which
935 3463 995 3520 they
1005 3464 1068 3509 hare
1081 3465 1163 3514 done

225 3533 261 3579 15.
276 3531 460 3591 coniunctionis]
477 3531 654 3588 ‘Olkindred'
682 3545 735 3590 you
745 3533 797 3580 into
805 3544 871 3590 your
880 3532 964 3578 tecth!
