2492 3900
184 258 223 344 1⁰
472 257 504 309 Ρ.
528 256 652 310 0v1u11
674 256 833 310 NASONIS
915 337 920 344 ,
998 258 1132 324 [28Ηο6.

183 432 368 512 Exspatiata
382 440 476 494 ruunt
490 453 545 512 per
558 440 681 513 apertos
695 433 823 494 flumina
836 453 969 513 campos,

184 528 324 607 Cumque
339 528 414 588 satis
430 528 554 588 arbusta
569 529 658 587 simul
673 528 867 608 pecudesque
881 529 1024 608 virosque

183 621 351 701 Tectaque,
364 642 494 701 eumque
508 621 571 681 suis
584 622 709 700 rapiunt
722 622 892 701 penetralia
906 623 1008 683 sacris.

184 717 218 776 Si
232 736 294 796 qua
308 717 417 776 domus
432 715 552 790 mansit,
567 717 729 796 potuitque
743 717 885 777 resistere
899 727 988 778 tanto

182 813 343 874 Indeieota
357 813 447 886 malo,
462 813 583 872 eulmen
597 822 702 872 tamen
717 813 808 874 altior
821 812 911 874 huius
1075 816 1131 877 120

182 909 280 973 Unda
294 909 382 990 tegit,
396 929 581 991 pressaeque
595 911 697 969 latent
711 910 767 970 snb
780 909 905 990 gurgite
919 919 1026 971 turres.

181 1006 310 1086 Iamque
325 1026 409 1066 mare
424 1016 456 1065 et
470 1005 562 1066 tellus
575 1007 695 1065 nullum
711 1007 874 1066 discrimen
888 1008 1059 1068 habebant:

182 1101 295 1162 Omnia
309 1110 423 1182 pontus
437 1110 520 1162 erat:
542 1102 671 1162 deerant
686 1123 807 1183 quoque
821 1103 912 1164 litora
925 1114 1030 1184 ponte.

182 1199 322 1278 Occupat
335 1198 385 1258 hic
399 1198 525 1258 collem:
547 1200 659 1278 cymba
672 1200 761 1260 sedet
775 1200 853 1261 alter
866 1201 985 1262 adunca

181 1293 225 1354 Et
239 1293 325 1355 ducit
338 1312 439 1353 remos
454 1292 525 1366 illic,
539 1293 593 1352 ubi
607 1313 705 1372 nuper
719 1303 827 1355 ararat
1075 1296 1131 1358 125

180 1391 238 1452 Ille
252 1410 344 1470 super
356 1397 476 1469 segetes
491 1397 545 1449 aut
558 1409 678 1450 mersae
692 1389 826 1451 culmina
838 1391 929 1451 villae

180 1484 336 1564 Navigat:
357 1483 407 1542 hic
421 1493 543 1542 summa
555 1482 673 1561 piscem
688 1483 851 1562 deprendit
864 1485 896 1544 in
910 1485 1002 1546 ulmo.

180 1579 304 1661 Figitur
317 1579 349 1637 in
364 1577 463 1650 viridi,
478 1576 505 1636 si
519 1578 581 1636 fors
597 1577 679 1652 tulit,
693 1598 804 1639 ancora
817 1589 914 1659 prato,

180 1675 248 1733 Aut
262 1673 399 1733 subiecta
414 1680 517 1731 terunt
532 1690 644 1731 curvae
659 1671 763 1732 vineta
776 1672 905 1733 carinae.

180 1769 232 1844 Et,
246 1769 339 1830 modo
355 1779 413 1847 qua
427 1767 557 1847 graciles
570 1787 698 1846 gramen
712 1788 852 1848 carpsere
864 1755 1010 1848 capellae,
1074 1769 1132 1830 130

180 1864 274 1924 Nunc
288 1862 331 1923 ibi
347 1862 499 1922 deformes
513 1872 635 1941 ponunt
649 1883 706 1921 sua
719 1883 846 1942 corpora
861 1864 985 1942 phocae.

180 1960 336 2021 Mirantur
350 1961 406 2020 sub
421 1969 500 2039 aqua
513 1960 597 2019 lucos
613 1960 763 2039 urbesque
778 1960 947 2040 domosque

181 2054 350 2115 Nereides:
372 2053 525 2133 silvasque
540 2061 650 2113 tenent
663 2054 833 2133 delphines,
847 2064 879 2115 et
893 2055 963 2116 altis

180 2148 346 2209 Incursant
359 2148 451 2206 ramis
465 2146 642 2225 agitataque
657 2148 766 2207 robora
780 2148 912 2227 pulsant.

181 2244 248 2304 Nat
262 2244 353 2323 lupus
367 2242 448 2302 inter
462 2263 544 2314 oves,
558 2242 660 2302 fulvos
674 2244 760 2303 vehit
774 2245 858 2304 unda
871 2245 985 2321 leones,
1074 2247 1132 2308 135

182 2337 279 2399 Unda
294 2336 380 2395 vehit
394 2336 505 2415 tigres:
526 2356 583 2396 nec
598 2337 678 2397 vires
693 2338 828 2398 fulminis
843 2358 926 2418 apro,
962 2404 965 2407 ,

183 2436 279 2496 Crura
293 2454 351 2495 uec
364 2434 468 2495 ablato
482 2442 612 2513 prosunt
626 2434 743 2495 velocia
756 2455 856 2495 cervo

211 2596 259 2645 117.
277 2592 449 2652 Cum-sutis]
493 2592 644 2649 Equivalcnt
702 2594 752 2639 128.
767 2593 926 2656 sisorrrulit]
944 2595 986 2640 ‘Is
992 2596 1085 2642 chance
1095 2596 1133 2642 dl·

181 2669 312 2723 metreta,
323 2678 339 2711 a
349 2676 464 2711 common
475 2663 643 2708 construction
672 2662 771 2708 remed!

181 2734 295 2789 anrid;
310 2730 514 2790 ‘cropsandall.'
703 2730 751 2775 130.
766 2729 846 2789 modo]
888 2730 959 2777 ‘Just
978 2730 1051 2787 conl
1070 2731 1133 2776 unti-

188 2816 189 2821 ’
212 2804 260 2849 118.
272 2801 417 2863 peraeto-alia]
453 2801 505 2847 The
520 2814 598 2855 sacra,
614 2812 643 2844 or
672 2800 748 2845 thetic
762 2805 787 2844 to
800 2813 872 2844 nunc.

181 2874 274 2930 lmages
295 2874 325 2919 of
345 2874 387 2917 the
407 2871 548 2917 household
571 2871 642 2927 gods,
702 2868 751 2913 134.
766 2867 871 2928 agitata]
903 2866 1013 2925 Perhaps
1025 2868 1060 2924 by
1070 2872 1134 2913 autr-
1236 2889 1237 2894 =

182 2943 254 2989 stood
264 2944 288 2987 in
299 2943 341 2987 the
352 2942 423 2987 inner
432 2942 591 2997 apartments.
673 2938 778 2995 cipation
799 2938 940 2996 (prolepsis)
956 2937 995 2981 for
1011 2941 1039 2981 ut
1052 2938 1133 2996 opita·

212 3014 262 3059 121.
276 3012 365 3070 turres]
383 3008 642 3067 Equlvalenttouedi·
671 3012 756 3053 rentur
759 3024 770 3064 ,·
782 3008 828 3053 but
837 3007 919 3053 others
927 3006 1080 3053 understand
1087 3020 1134 3052 un·

181 3083 351 3143 flciaalct'ora.
372 3080 571 3127 Ct‘Towcr’of
577 3079 643 3126 Lon·
671 3076 717 3121 dir.

183 3156 240 3200 don.
701 3145 751 3191 136.
765 3144 958 3207 viressulmimsst]
985 3145 1097 3192 Situatcd
1106 3146 1134 3192 in

212 3222 261 3268 123.
277 3219 340 3280 erat]
366 3220 574 3277 Thererbagrees
582 3219 642 3264 with
672 3216 711 3260 his
725 3216 804 3271 tusks,
819 3228 834 3260 a
849 3216 962 3271 frequent
977 3216 1135 3274 comparison
1159 3220 1161 3224 ’

173 3292 223 3338 ,the
234 3292 363 3348 predicate.
389 3289 475 3347 Haupt
485 3289 556 3333 reads
563 3292 641 3333 erant.
670 3284 696 3329 iu
706 3285 748 3330 the
758 3284 830 3329 Latin
838 3289 915 3340 poete.

181 3360 316 3421 -quoque]
338 3360 445 3416 Belongs
455 3361 481 3403 to
491 3358 643 3413 irrorantur
701 3354 750 3402 137.
769 3355 849 3399 Crura
858 3352 910 3411 nec]
941 3352 994 3399 The
1004 3357 1073 3410 pocts
1088 3360 1135 3401 not

182 3430 263 3475 which
274 3431 293 3474 it
302 3429 385 3475 would
396 3428 469 3472 stand
478 3428 504 3473 in
514 3438 594 3483 prose.
671 3424 848 3479 unfrequently
862 3422 932 3479 place
946 3428 978 3477 et,
990 3423 1070 3480 ‘and‚’
1079 3438 1134 3483 nec,

213 3499 262 3547 127.
277 3496 383 3557 amma]
405 3496 585 3553 Ispartitivein
595 3497 643 3553 sig·
672 3491 722 3545 and
736 3492 778 3537 red
791 3491 854 3537 aster
867 3503 884 3537 e
896 3491 966 3537 word
979 3491 1009 3537 of
1019 3493 1062 3539 the
1077 3504 1134 3541 sen·

182 3568 373 3625 sificatiom‘ou
382 3566 424 3613 the
434 3570 477 3623 top
487 3563 527 3611 ot'
672 3558 878 3619 tenca-ublato]
908 3558 1039 3606 §candia
