2492 3900
162 232 203 298 42
451 229 484 286 ι’.
506 231 631 287 ovmo
651 231 813 289 msoms
975 213 1114 304 [eo-ue

162 406 221 469 Ille
235 426 321 470 mero
333 427 501 490 somnoque
515 410 619 489 gnavis
633 411 770 475 titubare
783 411 916 488 videtur,

162 501 288 582 Vixque
302 502 398 582 sequi.
440 503 554 582 Specto
568 506 687 566 cultum
701 505 872 587 faciemque
885 506 1094 590 gradumque:

161 598 217 658 Nil
231 599 282 673 ibi,
297 599 380 678 qnod
394 599 478 660 credi
491 610 597 681 posset
610 602 750 677 mortale,
763 603 918 664 videbam.

161 695 206 776 Et
219 697 309 770 sensi,
323 705 356 756 et
370 695 435 755 dixi
449 697 538 758 sociis
553 692 673 770 “'Quod
687 718 803 759 numen
817 699 849 760 in
862 699 924 761 isto
1057 701 1114 762 100

162 792 299 872 Corpore
313 792 362 867 sit,
377 792 497 867 dubito,
517 793 571 854 sed
586 812 716 874 corpore
729 815 845 855 numen
859 795 892 857 in
904 795 966 856 isto
980 804 1038 858 est
1129 832 1132 840 ·

162 888 311 968 Quisquis
325 908 366 963 es,
380 908 399 949 o
414 889 527 964 faveas,
540 890 715 970 nostrisque
730 891 886 953 laboribus
900 893 1002 953 adsis:

161 985 221 1044 His
237 1005 358 1065 quoque
373 984 428 1046 des
442 985 592 1048 venium.’'
633 988 724 1047 “Pro
738 989 827 1049 nobis
840 989 931 1050 mitte
945 987 1089 1069 precari,”

160 1079 272 1160 Dictys
286 1080 339 1155 ait,
353 1101 415 1161 quo
428 1100 492 1142 non
506 1081 583 1143 elius
596 1083 804 1144 conscendere
818 1103 955 1146 summus

160 1173 255 1234 Ocior
267 1183 437 1250 antemnas,
450 1194 622 1258 prensoque
636 1176 769 1238 rudente
782 1179 887 1239 relabi.
1022 1232 1029 1246 .
1055 1178 1113 1242 100

160 1268 232 1330 Hoc
245 1267 350 1350 Libys,
364 1270 422 1331 hoc
435 1269 542 1346 flavus,
555 1290 666 1352 prorue
679 1271 787 1348 tutele,
799 1271 986 1348 Melanthus

143 1361 232 1426 .Hoc
246 1365 357 1446 probet
369 1366 565 1441 Alcimedon,
579 1376 613 1428 et
626 1366 679 1447 qui
692 1368 891 1449 requiemque
904 1361 1095 1452 modumque

160 1462 249 1524 Voce
264 1463 360 1523 debet
371 1463 473 1538 remis,
487 1462 661 1525 animorum
673 1463 815 1527 hortator
827 1464 993 1544 Epopeus:

160 1557 233 1619 Hoc
246 1578 352 1620 omnes
366 1559 434 1620 ulii:
455 1559 588 1639 praedae
601 1568 668 1621 tem
680 1579 773 1622 coeco
785 1560 899 1640 cupido
912 1569 970 1621 est.

159 1655 259 1715 “Non
274 1665 377 1716 tamen
392 1656 472 1717 hano
484 1675 571 1716 sacro
585 1656 694 1718 violati
707 1657 845 1738 pondere
857 1657 966 1738 pinum
1054 1659 1112 1721 170

159 1751 346 1832 Perpetiar”
360 1752 441 1812 dixi:
462 1759 480 1790 ‘⁶
489 1771 558 1832 pers
573 1752 623 1812 hio
638 1753 715 1814 mibi
728 1753 861 1814 maximo
873 1753 948 1814 iuris
958 1752 992 1814 z”

159 1847 258 1929 Inque
274 1849 360 1911 editu
375 1849 499 1910 obsisto.
540 1848 632 1910 Furit
645 1850 866 1914 audacissimus
880 1849 966 1912 omni

158 1945 210 2007 De
224 1966 350 2008 numero
364 1945 511 2027 Lyoubos,
524 1946 577 2028 qui
591 1945 695 2011 Tusco
706 1948 811 2029 pulsus
824 1948 863 2010 ab
879 1947 955 2010 urbe

158 2041 309 2105 Exsilium
321 2044 525 2124 direpoencm
537 2064 594 2125 pro
610 2046 704 2106 coede
717 2045 833 2107 luebat.

159 2138 192 2201 Is
206 2139 291 2214 mihi,
304 2140 379 2201 dnm
392 2148 483 2215 rosto,
496 2140 624 2203 iuvenili
637 2152 766 2223 guttum
777 2161 895 2224 pugno
1052 2142 1111 2207 175

158 2234 266 2315 Rupit,
275 2244 310 2296 ct
323 2255 486 2297 excussum
499 2236 633 2300 misisset
646 2240 678 2299 in
693 2259 834 2320 sequom,
847 2240 875 2301 si
889 2259 952 2302 nou

159 2332 345 2409 Haesissem
359 2333 501 2415 quamvis
514 2353 631 2411 emens,
644 2335 676 2395 in
691 2336 764 2397 fime
778 2345 927 2398 retentus.

157 2428 250 2510 Inpia
262 2431 353 2491 turbo
366 2431 477 2510 probat
489 2431 616 2493 fectum.
656 2432 739 2493 Tum
759 2431 892 2514 denique
906 2433 1058 2510 Bacchus,=
1100 2457 1105 2466 ‘

160 2527 315 2607 (Bocchus
330 2527 411 2589 enim
423 2528 549 2606 fuerat),
563 2528 662 2589 veluti
675 2528 809 2590 clamore
822 2530 942 2591 solutus

158 2624 207 2687 Sit
220 2646 321 2707 sopor,
335 2645 414 2706 equo
429 2645 513 2687 mero
526 2625 657 2688 redeunt
669 2625 703 2687 in
715 2635 843 2707 pectora
855 2644 973 2702 sensus,
1049 2625 1108 2689 180

186 2784 235 2831 158.
255 2784 311 2846 Vix]
342 2786 426 2832 ‘With
436 2783 574 2843 difficulty!
645 2783 849 2843 pammimlso
858 2785 974 2843 geneum
987 2783 1065 2833 ‘rem’
1079 2796 1110 2833 or

186 2854 237 2901 162.
245 2853 346 2917 foveae]
387 2855 441 2903 Tne
461 2853 616 2913 subjunctive
647 2854 973 2913 ‘penso'withebemmen

157 2921 280 2969 ofdeslre.
676 2924 727 2973 170.
741 2922 842 2983 domn]
873 2922 928 2970 Tho
948 2935 1035 2981 vmng
1050 2934 1109 2970 con·

187 2990 237 3035 164.
251 2990 415 3050 coemendae]
446 2991 517 3038 with
535 2990 618 3047 ocium
646 2991 931 3051 sistedincurryingoff
941 2992 1052 3051 thegoo

156 3059 263 3107 eGreek
279 3061 446 3108 construction
461 3060 500 3108 sor
513 3060 617 3108 adwitb
676 3062 719 3112 176
740 3063 812 3122 nm]
844 3064 912 3109 Here
927 3062 1069 3119 eqmvuient
1082 3065 1109 3107 to

155 3127 198 3172 the
207 3127 311 3183 gerund.
645 3129 1109 3185 roim.‘10mtreeuuuce’-ntkt

186 3196 235 3243 166.
247 3196 428 3258 mucela]
450 3196 617 3245 Tbeebsnuct
644 3199 758 3260 mete]
788 3199 880 3247 ‘'lnied
893 3198 1099 3247 tethrottieme!

156 3265 195 3313 fou
209 3264 251 3314 the
262 3267 405 3323 concretei.
416 3280 438 3315 e.
448 3266 488 3315 tor
498 3271 616 3326 proram
675 3268 726 3318 116.
739 3267 874 3329 mmm]
899 3267 1108 3326 sentinoso!-

64 3342 66 3348 ’
156 3335 390 3394 ‘meander-pilot:
586 3330 592 3338 '
645 3336 740 3383 bound!

185 3402 236 3450 160.
254 3404 325 3463 Voce]
355 3404 409 3450 The
420 3404 579 3451 commender
589 3404 619 3451 of
674 3404 725 3451 180.
739 3402 878 3468 omli.
896 3415 920 3453 ο.
935 3403 1001 3453 stom
1014 3403 1108 3453 intoxi-

155 3470 199 3518 tho
227 3484 328 3530 mnus,
358 3472 501 3521 eumcum
535 3472 616 3521 culed
645 3472 735 3519 conon.
