<?xml version="1.0" encoding="UTF-8"?>
<!DOCTYPE html PUBLIC "-//W3C//DTD XHTML 1.0 Transitional//EN"
    "http://www.w3.org/TR/xhtml1/DTD/xhtml1-transitional.dtd">
<html xmlns="http://www.w3.org/1999/xhtml" xml:lang="en" lang="en">
 <head>
  <title>
</title>
<meta http-equiv="Content-Type" content="text/html;charset=utf-8" />
  <meta name='ocr-system' content='tesseract 3.04.00' />
  <meta name='ocr-capabilities' content='ocr_page ocr_carea ocr_par ocr_line ocrx_word'/>
</head>
<body>
  <div class='ocr_page' id='page_1' title='image "./selectionsfroml00gardgoog_0209.png"; bbox 0 0 2492 3900; ppageno 0'>
   <div class='ocr_carea' id='block_1_1' title="bbox 258 220 1074 329">
    <p class='ocr_par' dir='ltr' id='par_1_1' title="bbox 258 220 1074 329">
     <span class='ocr_line' id='line_1_1' title="bbox 258 220 1074 329; baseline -0.002 -12"><span class='ocrx_word' id='word_1_1' title='bbox 258 261 354 317; x_wconf 72' lang='lat' dir='ltr'><strong>curo</strong></span> <span class='ocrx_word' id='word_1_2' title='bbox 376 260 512 323; x_wconf 65' lang='lat' dir='ltr'><strong>narnus</strong></span> <span class='ocrx_word' id='word_1_3' title='bbox 530 260 616 313; x_wconf 82' lang='lat' dir='ltr'><strong>s1vu</strong></span> <span class='ocrx_word' id='word_1_4' title='bbox 640 262 700 313; x_wconf 85' lang='lat' dir='ltr'><strong>ns:</strong></span> <span class='ocrx_word' id='word_1_5' title='bbox 715 220 941 316; x_wconf 78' lang='lat' dir='ltr'><strong>sensorum.</strong></span> <span class='ocrx_word' id='word_1_6' title='bbox 1011 266 1074 329; x_wconf 76' lang='lat' dir='ltr'><strong>ret</strong></span> 
     </span>
    </p>
   </div>
   <div class='ocr_carea' id='block_1_2' title="bbox 110 438 1155 2454">
    <p class='ocr_par' dir='ltr' id='par_1_2' title="bbox 110 438 1155 2454">
     <span class='ocr_line' id='line_1_2' title="bbox 111 438 1075 521; baseline 0.001 -20"><span class='ocrx_word' id='word_1_7' title='bbox 111 440 412 520; x_wconf 60' lang='lat' dir='ltr'><strong>cogitentemoquae·</strong></span> <span class='ocrx_word' id='word_1_8' title='bbox 421 438 481 498; x_wconf 86' lang='lat' dir='ltr'><strong>iam</strong></span> <span class='ocrx_word' id='word_1_9' title='bbox 497 456 588 519; x_wconf 78' lang='lat' dir='ltr'><strong>agere</strong></span> <span class='ocrx_word' id='word_1_10' title='bbox 602 459 664 499; x_wconf 89' lang='lat' dir='ltr'><strong>non</strong></span> <span class='ocrx_word' id='word_1_11' title='bbox 681 459 819 518; x_wconf 84' lang='lat' dir='ltr'><strong>possem3</strong></span> <span class='ocrx_word' id='word_1_12' title='bbox 833 440 895 499; x_wconf 59' lang='lat' dir='ltr'><strong>sed}</strong></span> <span class='ocrx_word' id='word_1_13' title='bbox 904 450 941 501; x_wconf 87' lang='lat' dir='ltr'><strong>ut</strong></span> <span class='ocrx_word' id='word_1_14' title='bbox 953 441 1075 521; x_wconf 74' lang='lat' dir='ltr'><strong>possins</strong></span> 
     </span>
     <span class='ocr_line' id='line_1_3' title="bbox 111 535 1119 614; baseline 0.003 -17"><span class='ocrx_word' id='word_1_15' title='bbox 111 535 361 597; x_wconf 69' lang='lat' dir='ltr'><strong>nottestane.</strong></span> <span class='ocrx_word' id='word_1_16' title='bbox 404 536 533 614; x_wconf 83' lang='lat' dir='ltr'><strong>Semper</strong></span> <span class='ocrx_word' id='word_1_17' title='bbox 554 535 636 594; x_wconf 92' lang='lat' dir='ltr'><strong>enim</strong></span> <span class='ocrx_word' id='word_1_18' title='bbox 654 536 685 595; x_wconf 92' lang='lat' dir='ltr'><strong>in</strong></span> <span class='ocrx_word' id='word_1_19' title='bbox 700 536 750 595; x_wconf 91' lang='lat' dir='ltr'><strong>his</strong></span> <span class='ocrx_word' id='word_1_20' title='bbox 769 537 883 596; x_wconf 84' lang='lat' dir='ltr'><strong>studiis</strong></span> <span class='ocrx_word' id='word_1_21' title='bbox 902 538 1075 600; x_wconf 84' lang='lat' dir='ltr'><strong>laboribus·-</strong></span> <span class='ocrx_word' id='word_1_22' title='bbox 1116 562 1119 567; x_wconf 93' lang='grc'><strong><em>·</em></strong></span> 
     </span>
     <span class='ocr_line' id='line_1_4' title="bbox 112 632 1077 715; baseline 0.001 -21"><span class='ocrx_word' id='word_1_23' title='bbox 112 632 309 715; x_wconf 76' lang='lat' dir='ltr'><strong>qnsvivsnti</strong></span> <span class='ocrx_word' id='word_1_24' title='bbox 324 652 385 691; x_wconf 91' lang='lat' dir='ltr'><strong>non</strong></span> <span class='ocrx_word' id='word_1_25' title='bbox 402 632 594 711; x_wconf 79' lang='lat' dir='ltr'><strong>intellegitur</strong></span> <span class='ocrx_word' id='word_1_26' title='bbox 613 632 746 711; x_wconf 87' lang='lat' dir='ltr'><strong>quando</strong></span> <span class='ocrx_word' id='word_1_27' title='bbox 759 633 888 713; x_wconf 87' lang='lat' dir='ltr'><strong>obrepat</strong></span> <span class='ocrx_word' id='word_1_28' title='bbox 909 646 1077 715; x_wconf 59' lang='lat' dir='ltr'><strong>seuectpsat</strong></span> 
     </span>
     <span class='ocr_line' id='line_1_5' title="bbox 110 728 1124 811; baseline -0.002 -20"><span class='ocrx_word' id='word_1_29' title='bbox 110 731 163 791; x_wconf 85' lang='lat' dir='ltr'><strong>ita·</strong></span> <span class='ocrx_word' id='word_1_30' title='bbox 174 730 286 791; x_wconf 91' lang='lat' dir='ltr'><strong>sensim</strong></span> <span class='ocrx_word' id='word_1_31' title='bbox 299 730 364 788; x_wconf 83' lang='lat' dir='ltr'><strong>sine</strong></span> <span class='ocrx_word' id='word_1_32' title='bbox 376 748 465 789; x_wconf 84' lang='lat' dir='ltr'><strong>sensu</strong></span> <span class='ocrx_word' id='word_1_33' title='bbox 477 742 561 788; x_wconf 84' lang='lat' dir='ltr'><strong>aetas</strong></span> <span class='ocrx_word' id='word_1_34' title='bbox 576 728 717 803; x_wconf 76' lang='lat' dir='ltr'>senescit,</span> <span class='ocrx_word' id='word_1_35' title='bbox 728 749 786 790; x_wconf 90' lang='lat' dir='ltr'><strong>neo</strong></span> <span class='ocrx_word' id='word_1_36' title='bbox 796 730 899 791; x_wconf 82' lang='lat' dir='ltr'><strong>sabim</strong></span> <span class='ocrx_word' id='word_1_37' title='bbox 911 731 1068 811; x_wconf 74' lang='lat' dir='ltr'>frangitur,</span> <span class='ocrx_word' id='word_1_38' title='bbox 1121 753 1124 758; x_wconf 92' lang='lat'>·</span> 
     </span>
     <span class='ocr_line' id='line_1_6' title="bbox 111 826 1116 905; baseline -0.004 -17"><span class='ocrx_word' id='word_1_39' title='bbox 111 828 170 888; x_wconf 83' lang='lat' dir='ltr'><strong>sed</strong></span> <span class='ocrx_word' id='word_1_40' title='bbox 187 826 391 887; x_wconf 79' lang='lat' dir='ltr'><strong>diuturnitate</strong></span> <span class='ocrx_word' id='word_1_41' title='bbox 407 826 623 905; x_wconf 80' lang='lat' dir='ltr'><strong>exstinguitur.</strong></span> <span class='ocrx_word' id='word_1_42' title='bbox 1098 834 1116 893; x_wconf 84' lang='grc'><strong>5</strong></span> 
     </span>
     <span class='ocr_line' id='line_1_7' title="bbox 154 921 1073 1006; baseline 0.005 -24"><span class='ocrx_word' id='word_1_43' title='bbox 154 923 233 983; x_wconf 88' lang='lat' dir='ltr'><strong>XII.</strong></span> <span class='ocrx_word' id='word_1_44' title='bbox 254 925 302 983; x_wconf 88' lang='grc'><strong>39.</strong></span> <span class='ocrx_word' id='word_1_45' title='bbox 326 921 471 1001; x_wconf 82' lang='lat' dir='ltr'><strong>Sequitur</strong></span> <span class='ocrx_word' id='word_1_46' title='bbox 483 922 575 982; x_wconf 86' lang='lat' dir='ltr'><strong>tertia</strong></span> <span class='ocrx_word' id='word_1_47' title='bbox 589 924 778 1004; x_wconf 81' lang='lat' dir='ltr'><strong>uituperatio</strong></span> <span class='ocrx_word' id='word_1_48' title='bbox 792 925 969 999; x_wconf 77' lang='lat' dir='ltr'><strong>senectutis,</strong></span> <span class='ocrx_word' id='word_1_49' title='bbox 985 926 1073 1006; x_wconf 85' lang='lat' dir='ltr'><strong>quod·</strong></span> 
     </span>
     <span class='ocr_line' id='line_1_8' title="bbox 112 1019 1075 1101; baseline 0.002 -21"><span class='ocrx_word' id='word_1_50' title='bbox 112 1038 185 1080; x_wconf 84' lang='lat' dir='ltr'><strong>eam</strong></span> <span class='ocrx_word' id='word_1_51' title='bbox 200 1040 301 1081; x_wconf 88' lang='lat' dir='ltr'><strong>carere</strong></span> <span class='ocrx_word' id='word_1_52' title='bbox 316 1020 423 1080; x_wconf 87' lang='lat' dir='ltr'><strong>dieunt</strong></span> <span class='ocrx_word' id='word_1_53' title='bbox 439 1019 658 1098; x_wconf 85' lang='lat' dir='ltr'><strong>voluptatibus.</strong></span> <span class='ocrx_word' id='word_1_54' title='bbox 701 1022 730 1080; x_wconf 92' lang='lat'>0</span> <span class='ocrx_word' id='word_1_55' title='bbox 744 1022 932 1101; x_wconf 85' lang='lat' dir='ltr'><strong>praeclarum</strong></span> <span class='ocrx_word' id='word_1_56' title='bbox 955 1040 1075 1083; x_wconf 72' lang='lat' dir='ltr'><strong>munus</strong></span> 
     </span>
     <span class='ocr_line' id='line_1_9' title="bbox 114 1113 1075 1195; baseline 0.004 -22"><span class='ocrx_word' id='word_1_57' title='bbox 114 1116 233 1187; x_wconf 83' lang='lat' dir='ltr'><strong>aetatis,</strong></span> <span class='ocrx_word' id='word_1_58' title='bbox 249 1114 277 1173; x_wconf 87' lang='lat' dir='ltr'><strong>si</strong></span> <span class='ocrx_word' id='word_1_59' title='bbox 288 1115 418 1194; x_wconf 81' lang='lat' dir='ltr'><strong>quidem·</strong></span> <span class='ocrx_word' id='word_1_60' title='bbox 428 1114 459 1173; x_wconf 93' lang='lat' dir='ltr'><strong>id</strong></span> <span class='ocrx_word' id='word_1_61' title='bbox 475 1113 575 1173; x_wconf 85' lang='lat' dir='ltr'><strong>aufert</strong></span> <span class='ocrx_word' id='word_1_62' title='bbox 590 1116 720 1188; x_wconf 73' lang='lat' dir='ltr'><strong>amotis,</strong></span> <span class='ocrx_word' id='word_1_63' title='bbox 745 1116 827 1195; x_wconf 90' lang='lat' dir='ltr'><strong>quod</strong></span> <span class='ocrx_word' id='word_1_64' title='bbox 844 1116 936 1175; x_wconf 90' lang='lat' dir='ltr'><strong>estin</strong></span> <span class='ocrx_word' id='word_1_65' title='bbox 952 1118 1075 1177; x_wconf 78' lang='lat' dir='ltr'><strong>edules·-</strong></span> 
     </span>
     <span class='ocr_line' id='line_1_10' title="bbox 114 1210 1076 1291; baseline 0.004 -21"><span class='ocrx_word' id='word_1_66' title='bbox 114 1211 223 1271; x_wconf 77' lang='lat' dir='ltr'><strong>sentia.</strong></span> <span class='ocrx_word' id='word_1_67' title='bbox 232 1210 480 1270; x_wconf 80' lang='lat' dir='ltr'><strong>vitiosissimum!</strong></span> <span class='ocrx_word' id='word_1_68' title='bbox 501 1210 648 1289; x_wconf 81' lang='lat' dir='ltr'><strong>Accipite</strong></span> <span class='ocrx_word' id='word_1_69' title='bbox 661 1212 753 1285; x_wconf 90' lang='lat' dir='ltr'><strong>euim,</strong></span> <span class='ocrx_word' id='word_1_70' title='bbox 768 1211 877 1291; x_wconf 88' lang='lat' dir='ltr'><strong>optimi</strong></span> <span class='ocrx_word' id='word_1_71' title='bbox 892 1212 1076 1273; x_wconf 52' lang='lat' dir='ltr'><strong>adulescens·</strong></span> 
     </span>
     <span class='ocr_line' id='line_1_11' title="bbox 113 1308 1122 1389; baseline 0.005 -22"><span class='ocrx_word' id='word_1_72' title='bbox 113 1316 173 1381; x_wconf 76' lang='lat' dir='ltr'><strong>tes,</strong></span> <span class='ocrx_word' id='word_1_73' title='bbox 188 1319 323 1368; x_wconf 88' lang='lat' dir='ltr'><strong>veterem</strong></span> <span class='ocrx_word' id='word_1_74' title='bbox 349 1308 519 1367; x_wconf 84' lang='lat' dir='ltr'><strong>orationem</strong></span> <span class='ocrx_word' id='word_1_75' title='bbox 542 1308 703 1387; x_wconf 74' lang='lat' dir='ltr'><strong>Archytae</strong></span> <span class='ocrx_word' id='word_1_76' title='bbox 724 1308 901 1383; x_wconf 74' lang='lat' dir='ltr'><strong>Tarentini,</strong></span> <span class='ocrx_word' id='word_1_77' title='bbox 915 1309 1020 1389; x_wconf 87' lang='lat' dir='ltr'><strong>magni</strong></span> <span class='ocrx_word' id='word_1_78' title='bbox 1036 1309 1122 1373; x_wconf 65' lang='lat' dir='ltr'><strong>into?</strong></span> 
     </span>
     <span class='ocr_line' id='line_1_12' title="bbox 113 1404 1075 1485; baseline -0.004 -20"><span class='ocrx_word' id='word_1_79' title='bbox 113 1405 221 1485; x_wconf 88' lang='lat' dir='ltr'><strong>primis</strong></span> <span class='ocrx_word' id='word_1_80' title='bbox 249 1415 289 1465; x_wconf 88' lang='lat' dir='ltr'><strong>et</strong></span> <span class='ocrx_word' id='word_1_81' title='bbox 308 1405 453 1485; x_wconf 75' lang='lat' dir='ltr'><strong>praeclari</strong></span> <span class='ocrx_word' id='word_1_82' title='bbox 483 1404 549 1479; x_wconf 87' lang='lat' dir='ltr'><strong>viri,</strong></span> <span class='ocrx_word' id='word_1_83' title='bbox 574 1425 655 1485; x_wconf 85' lang='lat' dir='ltr'><strong>quae</strong></span> <span class='ocrx_word' id='word_1_84' title='bbox 683 1405 758 1465; x_wconf 90' lang='lat' dir='ltr'><strong>mihi</strong></span> <span class='ocrx_word' id='word_1_85' title='bbox 786 1405 905 1465; x_wconf 72' lang='lat' dir='ltr'><strong>indita</strong></span> <span class='ocrx_word' id='word_1_86' title='bbox 922 1417 977 1479; x_wconf 80' lang='lat' dir='ltr'><strong>est,</strong></span> <span class='ocrx_word' id='word_1_87' title='bbox 998 1426 1075 1467; x_wconf 88' lang='lat' dir='ltr'><strong>cum.</strong></span> 
     </span>
     <span class='ocr_line' id='line_1_13' title="bbox 114 1501 1067 1573; baseline 0.001 -11"><span class='ocrx_word' id='word_1_88' title='bbox 114 1514 213 1562; x_wconf 82' lang='lat' dir='ltr'><strong>essem</strong></span> <span class='ocrx_word' id='word_1_89' title='bbox 235 1502 418 1563; x_wconf 75' lang='lat' dir='ltr'><strong>adulescens</strong></span> <span class='ocrx_word' id='word_1_90' title='bbox 435 1501 564 1562; x_wconf 70' lang='lat' dir='ltr'><strong>tarenti</strong></span> <span class='ocrx_word' id='word_1_91' title='bbox 580 1521 651 1563; x_wconf 90' lang='lat' dir='ltr'><strong>cum</strong></span> <span class='ocrx_word' id='word_1_92' title='bbox 667 1501 706 1573; x_wconf 74' lang='lat' dir='ltr'><strong>Q.</strong></span> <span class='ocrx_word' id='word_1_93' title='bbox 720 1501 869 1562; x_wconf 82' lang='lat' dir='ltr'><strong>Maximo.</strong></span> <span class='ocrx_word' id='word_1_94' title='bbox 911 1510 929 1540; x_wconf 80' lang='lat'><strong>‘⁴</strong></span> <span class='ocrx_word' id='word_1_95' title='bbox 939 1502 1067 1563; x_wconf 85' lang='lat' dir='ltr'><strong>Nullum</strong></span> 
     </span>
     <span class='ocr_line' id='line_1_14' title="bbox 113 1599 1076 1679; baseline 0.002 -22"><span class='ocrx_word' id='word_1_96' title='bbox 113 1599 322 1679; x_wconf 76' lang='lat' dir='ltr'><strong>capitaliorem</strong></span> <span class='ocrx_word' id='word_1_97' title='bbox 340 1608 459 1677; x_wconf 85' lang='lat' dir='ltr'><strong>pestem</strong></span> <span class='ocrx_word' id='word_1_98' title='bbox 472 1618 565 1678; x_wconf 85' lang='lat' dir='ltr'><strong>quam</strong></span> <span class='ocrx_word' id='word_1_99' title='bbox 580 1599 774 1678; x_wconf 84' lang='lat' dir='ltr'><strong>voluptatem</strong></span> <span class='ocrx_word' id='word_1_100' title='bbox 789 1599 928 1677; x_wconf 83' lang='lat' dir='ltr'><strong>corporis</strong></span> <span class='ocrx_word' id='word_1_101' title='bbox 937 1599 1076 1659; x_wconf 71' lang='lat' dir='ltr'><strong>homini·¹</strong></span> 
     </span>
     <span class='ocr_line' id='line_1_15' title="bbox 113 1694 1074 1773; baseline 0.002 -19"><span class='ocrx_word' id='word_1_102' title='bbox 113 1696 174 1755; x_wconf 83' lang='lat' dir='ltr'><strong>bus</strong></span> <span class='ocrx_word' id='word_1_103' title='bbox 184 1694 201 1723; x_wconf 91' lang='lat'>”</span> <span class='ocrx_word' id='word_1_104' title='bbox 216 1694 342 1755; x_wconf 86' lang='lat' dir='ltr'><strong>dicebat</strong></span> <span class='ocrx_word' id='word_1_105' title='bbox 355 1701 372 1731; x_wconf 80' lang='lat'><strong>‘⁴</strong></span> <span class='ocrx_word' id='word_1_106' title='bbox 381 1714 401 1753; x_wconf 84' lang='lat' dir='ltr'><strong>a·</strong></span> <span class='ocrx_word' id='word_1_107' title='bbox 414 1705 523 1754; x_wconf 72' lang='lat' dir='ltr'><strong>natura</strong></span> <span class='ocrx_word' id='word_1_108' title='bbox 535 1695 651 1768; x_wconf 74' lang='lat' dir='ltr'><strong>datam,</strong></span> <span class='ocrx_word' id='word_1_109' title='bbox 666 1694 758 1755; x_wconf 87' lang='lat' dir='ltr'><strong>cuius·</strong></span> <span class='ocrx_word' id='word_1_110' title='bbox 774 1695 943 1773; x_wconf 81' lang='lat' dir='ltr'><strong>voluptatis</strong></span> <span class='ocrx_word' id='word_1_111' title='bbox 959 1696 1074 1756; x_wconf 81' lang='lat' dir='ltr'><strong>auidae·</strong></span> 
     </span>
     <span class='ocr_line' id='line_1_16' title="bbox 114 1783 1123 1871; baseline 0.003 -20"><span class='ocrx_word' id='word_1_112' title='bbox 114 1792 387 1852; x_wconf 78' lang='lat' dir='ltr'><strong>libidines-temere</strong></span> <span class='ocrx_word' id='word_1_113' title='bbox 403 1802 435 1851; x_wconf 89' lang='lat' dir='ltr'><strong>et</strong></span> <span class='ocrx_word' id='word_1_114' title='bbox 450 1792 597 1851; x_wconf 80' lang='lat' dir='ltr'><strong>effrenate</strong></span> <span class='ocrx_word' id='word_1_115' title='bbox 607 1792 645 1852; x_wconf 85' lang='lat' dir='ltr'><strong>ad</strong></span> <span class='ocrx_word' id='word_1_116' title='bbox 662 1791 843 1871; x_wconf 87' lang='lat' dir='ltr'><strong>potiendum</strong></span> <span class='ocrx_word' id='word_1_117' title='bbox 858 1792 1067 1854; x_wconf 82' lang='lat' dir='ltr'><strong>incitarentur.</strong></span> <span class='ocrx_word' id='word_1_118' title='bbox 1078 1783 1123 1843; x_wconf 69' lang='lat'><strong>1¹5¹</strong></span> 
     </span>
     <span class='ocr_line' id='line_1_17' title="bbox 114 1888 1075 1969; baseline 0.001 -19"><span class='ocrx_word' id='word_1_119' title='bbox 114 1889 164 1950; x_wconf 70' lang='lat'><strong>40.</strong></span> <span class='ocrx_word' id='word_1_120' title='bbox 185 1889 269 1950; x_wconf 85' lang='lat' dir='ltr'><strong>Hinc</strong></span> <span class='ocrx_word' id='word_1_121' title='bbox 292 1889 409 1969; x_wconf 83' lang='lat' dir='ltr'><strong>patriae</strong></span> <span class='ocrx_word' id='word_1_122' title='bbox 433 1888 632 1968; x_wconf 87' lang='lat' dir='ltr'><strong>proditiones,</strong></span> <span class='ocrx_word' id='word_1_123' title='bbox 658 1889 729 1950; x_wconf 86' lang='lat' dir='ltr'><strong>hinc</strong></span> <span class='ocrx_word' id='word_1_124' title='bbox 750 1909 851 1950; x_wconf 88' lang='lat' dir='ltr'><strong>rerum</strong></span> <span class='ocrx_word' id='word_1_125' title='bbox 876 1890 1075 1969; x_wconf 85' lang='lat' dir='ltr'><strong>publicarum.</strong></span> 
     </span>
     <span class='ocr_line' id='line_1_18' title="bbox 116 1987 1155 2068; baseline -0.001 -20"><span class='ocrx_word' id='word_1_126' title='bbox 116 1987 296 2060; x_wconf 79' lang='lat' dir='ltr'><strong>eversiones,</strong></span> <span class='ocrx_word' id='word_1_127' title='bbox 321 1987 392 2046; x_wconf 83' lang='lat' dir='ltr'><strong>hirto</strong></span> <span class='ocrx_word' id='word_1_128' title='bbox 420 2007 491 2046; x_wconf 92' lang='lat' dir='ltr'><strong>cum</strong></span> <span class='ocrx_word' id='word_1_129' title='bbox 519 1987 660 2047; x_wconf 82' lang='lat' dir='ltr'><strong>hostibus</strong></span> <span class='ocrx_word' id='word_1_130' title='bbox 692 1987 884 2047; x_wconf 84' lang='lat' dir='ltr'><strong>claudestina</strong></span> <span class='ocrx_word' id='word_1_131' title='bbox 905 1988 1075 2068; x_wconf 74' lang='lat' dir='ltr'><strong>conloquio</strong></span> <span class='ocrx_word' id='word_1_132' title='bbox 1152 1987 1155 1991; x_wconf 81' lang='grc'><strong>’</strong></span> 
     </span>
     <span class='ocr_line' id='line_1_19' title="bbox 115 2083 1075 2162; baseline 0.001 -18"><span class='ocrx_word' id='word_1_133' title='bbox 115 2084 219 2159; x_wconf 57' lang='grc' dir='ltr'><strong>καθεὶς</strong></span> <span class='ocrx_word' id='word_1_134' title='bbox 242 2085 365 2144; x_wconf 87' lang='lat' dir='ltr'><strong>nullum</strong></span> <span class='ocrx_word' id='word_1_135' title='bbox 383 2083 516 2162; x_wconf 87' lang='lat' dir='ltr'><strong>denique</strong></span> <span class='ocrx_word' id='word_1_136' title='bbox 539 2083 654 2157; x_wconf 84' lang='lat' dir='ltr'><strong>scelus,-</strong></span> <span class='ocrx_word' id='word_1_137' title='bbox 669 2084 786 2144; x_wconf 91' lang='lat' dir='ltr'><strong>nullum</strong></span> <span class='ocrx_word' id='word_1_138' title='bbox 810 2085 926 2144; x_wconf 86' lang='lat' dir='ltr'><strong>malum</strong></span> <span class='ocrx_word' id='word_1_139' title='bbox 949 2085 1075 2145; x_wconf 74' lang='lat' dir='ltr'><strong>fucinus</strong></span> 
     </span>
     <span class='ocr_line' id='line_1_20' title="bbox 116 2179 1069 2260; baseline 0 -20"><span class='ocrx_word' id='word_1_140' title='bbox 116 2201 191 2253; x_wconf 89' lang='lat' dir='ltr'><strong>esse,</strong></span> <span class='ocrx_word' id='word_1_141' title='bbox 206 2181 244 2238; x_wconf 85' lang='lat' dir='ltr'><strong>ad</strong></span> <span class='ocrx_word' id='word_1_142' title='bbox 268 2179 350 2260; x_wconf 87' lang='lat' dir='ltr'><strong>quod</strong></span> <span class='ocrx_word' id='word_1_143' title='bbox 374 2179 602 2258; x_wconf 90' lang='lat' dir='ltr'><strong>suscipiendum</strong></span> <span class='ocrx_word' id='word_1_144' title='bbox 627 2200 690 2240; x_wconf 89' lang='lat' dir='ltr'><strong>non</strong></span> <span class='ocrx_word' id='word_1_145' title='bbox 713 2180 808 2240; x_wconf 89' lang='lat' dir='ltr'><strong>libido</strong></span> <span class='ocrx_word' id='word_1_146' title='bbox 831 2181 1001 2260; x_wconf 77' lang='lat' dir='ltr'><strong>voluptatis</strong></span> <span class='ocrx_word' id='word_1_147' title='bbox 1026 2181 1069 2240; x_wconf 84' lang='lat' dir='ltr'><strong>in··</strong></span> 
     </span>
     <span class='ocr_line' id='line_1_21' title="bbox 116 2276 1116 2356; baseline 0.005 -20"><span class='ocrx_word' id='word_1_148' title='bbox 116 2277 263 2356; x_wconf 63' lang='lat' dir='ltr'><strong>pellerem,</strong></span> <span class='ocrx_word' id='word_1_149' title='bbox 274 2288 381 2354; x_wconf 78' lang='lat' dir='ltr'><strong>stupra</strong></span> <span class='ocrx_word' id='word_1_150' title='bbox 395 2296 469 2335; x_wconf 87' lang='lat' dir='ltr'><strong>vero</strong></span> <span class='ocrx_word' id='word_1_151' title='bbox 479 2276 673 2336; x_wconf 82' lang='lat' dir='ltr'><strong>etadulteria</strong></span> <span class='ocrx_word' id='word_1_152' title='bbox 687 2288 719 2336; x_wconf 89' lang='lat' dir='ltr'><strong>et</strong></span> <span class='ocrx_word' id='word_1_153' title='bbox 733 2295 824 2336; x_wconf 88' lang='lat' dir='ltr'><strong>omne</strong></span> <span class='ocrx_word' id='word_1_154' title='bbox 838 2277 901 2336; x_wconf 87' lang='lat' dir='ltr'><strong>tale</strong></span> <span class='ocrx_word' id='word_1_155' title='bbox 915 2277 1067 2356; x_wconf 79' lang='lat' dir='ltr'><strong>flagitium</strong></span> <span class='ocrx_word' id='word_1_156' title='bbox 1077 2281 1116 2342; x_wconf 82' lang='lat'><strong>20</strong></span> 
     </span>
     <span class='ocr_line' id='line_1_22' title="bbox 116 2372 1073 2454; baseline 0.001 -21"><span class='ocrx_word' id='word_1_157' title='bbox 116 2372 347 2433; x_wconf 80' lang='lat' dir='ltr'><strong>nulliseueitacl</strong></span> <span class='ocrx_word' id='word_1_158' title='bbox 362 2373 428 2432; x_wconf 87' lang='lat' dir='ltr'><strong>aliis</strong></span> <span class='ocrx_word' id='word_1_159' title='bbox 449 2372 610 2433; x_wconf 84' lang='lat' dir='ltr'><strong>inlecebris</strong></span> <span class='ocrx_word' id='word_1_160' title='bbox 633 2372 693 2433; x_wconf 88' lang='lat' dir='ltr'><strong>nisi</strong></span> <span class='ocrx_word' id='word_1_161' title='bbox 708 2373 892 2452; x_wconf 81' lang='lat' dir='ltr'><strong>voluptatis..</strong></span> <span class='ocrx_word' id='word_1_162' title='bbox 927 2374 1073 2454; x_wconf 73' lang='lat' dir='ltr'><strong>Cumque·</strong></span> 
     </span>
    </p>
   </div>
   <div class='ocr_carea' id='block_1_3' title="bbox 100 2531 1076 3630">
    <p class='ocr_par' dir='ltr' id='par_1_3' title="bbox 100 2531 1076 2937">
     <span class='ocr_line' id='line_1_23' title="bbox 144 2531 1075 2591; baseline -0.002 -13"><span class='ocrx_word' id='word_1_163' title='bbox 144 2532 165 2578; x_wconf 80' lang='grc'><strong>3.</strong></span> <span class='ocrx_word' id='word_1_164' title='bbox 182 2531 279 2591; x_wconf 62' lang='lat' dir='ltr'><strong>ducati]</strong></span> <span class='ocrx_word' id='word_1_165' title='bbox 310 2531 371 2576; x_wconf 84' lang='lat' dir='ltr'><strong>This</strong></span> <span class='ocrx_word' id='word_1_166' title='bbox 385 2531 467 2577; x_wconf 78' lang='lat' dir='ltr'><strong>dativo</strong></span> <span class='ocrx_word' id='word_1_167' title='bbox 478 2531 499 2576; x_wconf 87' lang='lat' dir='ltr'><strong>is</strong></span> <span class='ocrx_word' id='word_1_168' title='bbox 509 2534 535 2577; x_wconf 91' lang='lat' dir='ltr'><strong>to</strong></span> <span class='ocrx_word' id='word_1_169' title='bbox 546 2533 582 2578; x_wconf 68' lang='lat' dir='ltr'><strong>he</strong></span> <span class='ocrx_word' id='word_1_170' title='bbox 635 2531 672 2579; x_wconf 79' lang='grc'><strong>13.</strong></span> <span class='ocrx_word' id='word_1_171' title='bbox 687 2531 865 2591; x_wconf 76' lang='lat' dir='ltr'><strong>capitaliorem]</strong></span> <span class='ocrx_word' id='word_1_172' title='bbox 897 2531 1075 2590; x_wconf 64' lang='lat' dir='ltr'><strong>Properlyapv</strong></span> 
     </span>
     <span class='ocr_line' id='line_1_24' title="bbox 100 2595 1076 2661; baseline 0.001 -15"><span class='ocrx_word' id='word_1_173' title='bbox 100 2595 196 2660; x_wconf 71' lang='lat' dir='ltr'><strong>&#39;joined</strong></span> <span class='ocrx_word' id='word_1_174' title='bbox 207 2602 314 2648; x_wconf 79' lang='lat' dir='ltr'><strong>insenso</strong></span> <span class='ocrx_word' id='word_1_175' title='bbox 325 2595 385 2646; x_wconf 86' lang='lat' dir='ltr'><strong>both</strong></span> <span class='ocrx_word' id='word_1_176' title='bbox 395 2608 420 2646; x_wconf 90' lang='lat' dir='ltr'><strong>to</strong></span> <span class='ocrx_word' id='word_1_177' title='bbox 430 2599 575 2661; x_wconf 70' lang='lat' dir='ltr'><strong>imedepa&#39;tur</strong></span> <span class='ocrx_word' id='word_1_178' title='bbox 604 2602 666 2659; x_wconf 82' lang='lat' dir='ltr'><strong>plies</strong></span> <span class='ocrx_word' id='word_1_179' title='bbox 683 2605 709 2647; x_wconf 83' lang='lat' dir='ltr'><strong>to</strong></span> <span class='ocrx_word' id='word_1_180' title='bbox 725 2602 865 2656; x_wconf 74' lang='lat' dir='ltr'><strong>something</strong></span> <span class='ocrx_word' id='word_1_181' title='bbox 880 2601 1007 2658; x_wconf 75' lang='lat' dir='ltr'><strong>ievolriug</strong></span> <span class='ocrx_word' id='word_1_182' title='bbox 1026 2602 1076 2648; x_wconf 77' lang='lat' dir='ltr'><strong>life:</strong></span> 
     </span>
     <span class='ocr_line' id='line_1_25' title="bbox 117 2667 1067 2730; baseline -0.002 -14"><span class='ocrx_word' id='word_1_183' title='bbox 117 2671 164 2717; x_wconf 72' lang='lat' dir='ltr'><strong>end</strong></span> <span class='ocrx_word' id='word_1_184' title='bbox 184 2671 288 2730; x_wconf 75' lang='lat' dir='ltr'><strong>strepat,</strong></span> <span class='ocrx_word' id='word_1_185' title='bbox 310 2672 355 2716; x_wconf 84' lang='lat' dir='ltr'><strong>but</strong></span> <span class='ocrx_word' id='word_1_186' title='bbox 374 2670 444 2716; x_wconf 79' lang='lat' dir='ltr'><strong>arkes</strong></span> <span class='ocrx_word' id='word_1_187' title='bbox 465 2667 496 2716; x_wconf 85' lang='lat' dir='ltr'><strong>its</strong></span> <span class='ocrx_word' id='word_1_188' title='bbox 516 2681 574 2715; x_wconf 66' lang='lat' dir='ltr'><strong>cont</strong></span> <span class='ocrx_word' id='word_1_189' title='bbox 605 2672 715 2729; x_wconf 51' lang='lat' dir='ltr'><strong>(camah</strong></span> <span class='ocrx_word' id='word_1_190' title='bbox 733 2673 771 2716; x_wconf 84' lang='lat' dir='ltr'><strong>lor</strong></span> <span class='ocrx_word' id='word_1_191' title='bbox 787 2672 909 2727; x_wconf 78' lang='lat' dir='ltr'><strong>example,</strong></span> <span class='ocrx_word' id='word_1_192' title='bbox 922 2669 1067 2729; x_wconf 59' lang='lat' dir='ltr'><strong>periculum</strong></span> 
     </span>
     <span class='ocr_line' id='line_1_26' title="bbox 118 2737 1075 2794; baseline -0.008 -8"><span class='ocrx_word' id='word_1_193' title='bbox 118 2742 232 2786; x_wconf 76' lang='lat' dir='ltr'><strong>strumina</strong></span> <span class='ocrx_word' id='word_1_194' title='bbox 245 2742 307 2786; x_wconf 82' lang='lat' dir='ltr'><strong>from</strong></span> <span class='ocrx_word' id='word_1_195' title='bbox 320 2741 452 2786; x_wconf 71' lang='lat' dir='ltr'><strong>thelurlen</strong></span> <span class='ocrx_word' id='word_1_196' title='bbox 604 2738 709 2792; x_wconf 74' lang='lat' dir='ltr'><strong>morbus,</strong></span> <span class='ocrx_word' id='word_1_197' title='bbox 734 2747 796 2792; x_wconf 78' lang='lat' dir='ltr'><strong>etc3</strong></span> <span class='ocrx_word' id='word_1_198' title='bbox 822 2739 907 2793; x_wconf 85' lang='lat' dir='ltr'><strong>hence,</strong></span> <span class='ocrx_word' id='word_1_199' title='bbox 932 2737 1075 2794; x_wconf 54' lang='lat' dir='ltr'><strong>generallyp</strong></span> 
     </span>
     <span class='ocr_line' id='line_1_27' title="bbox 144 2805 1028 2868; baseline -0.008 -9"><span class='ocrx_word' id='word_1_200' title='bbox 144 2811 165 2859; x_wconf 85' lang='grc'><strong>7.</strong></span> <span class='ocrx_word' id='word_1_201' title='bbox 180 2809 350 2868; x_wconf 76' lang='lat' dir='ltr'><strong>tolupratitas]</strong></span> <span class='ocrx_word' id='word_1_202' title='bbox 383 2809 468 2854; x_wconf 84' lang='lat' dir='ltr'><strong>cicero</strong></span> <span class='ocrx_word' id='word_1_203' title='bbox 477 2805 580 2854; x_wconf 82' lang='lat' dir='ltr'><strong>himself</strong></span> <span class='ocrx_word' id='word_1_204' title='bbox 606 2807 779 2865; x_wconf 60' lang='lat' dir='ltr'><strong>‘dengercusss</strong></span> <span class='ocrx_word' id='word_1_205' title='bbox 791 2806 971 2861; x_wconf 51' lang='lat' dir='ltr'><strong>‘doemone’</strong></span> <span class='ocrx_word' id='word_1_206' title='bbox 981 2813 1028 2852; x_wconf 84' lang='lat' dir='ltr'><strong>ete</strong></span> 
     </span>
     <span class='ocr_line' id='line_1_28' title="bbox 118 2874 1075 2937; baseline -0.009 -13"><span class='ocrx_word' id='word_1_207' title='bbox 118 2881 182 2937; x_wconf 76' lang='lat' dir='ltr'><strong>gives</strong></span> <span class='ocrx_word' id='word_1_208' title='bbox 193 2880 234 2924; x_wconf 88' lang='lat' dir='ltr'><strong>the</strong></span> <span class='ocrx_word' id='word_1_209' title='bbox 252 2879 378 2924; x_wconf 81' lang='lat' dir='ltr'><strong>delinition</strong></span> <span class='ocrx_word' id='word_1_210' title='bbox 396 2878 425 2923; x_wconf 80' lang='lat' dir='ltr'><strong>os</strong></span> <span class='ocrx_word' id='word_1_211' title='bbox 438 2878 575 2934; x_wconf 81' lang='lat' dir='ltr'><strong>thlsword,</strong></span> <span class='ocrx_word' id='word_1_212' title='bbox 635 2877 670 2921; x_wconf 82' lang='grc'><strong>14.</strong></span> <span class='ocrx_word' id='word_1_213' title='bbox 686 2874 826 2935; x_wconf 76' lang='lat' dir='ltr'><strong>voluptatis]</strong></span> <span class='ocrx_word' id='word_1_214' title='bbox 858 2875 976 2933; x_wconf 86' lang='lat' dir='ltr'><strong>Depends</strong></span> <span class='ocrx_word' id='word_1_215' title='bbox 1001 2884 1075 2932; x_wconf 86' lang='lat' dir='ltr'><strong>upon.</strong></span> 
     </span>
    </p>

    <p class='ocr_par' dir='ltr' id='par_1_4' title="bbox 118 2945 705 3006">
     <span class='ocr_line' id='line_1_29' title="bbox 118 2945 705 3006; baseline -0.005 -13"><span class='ocrx_word' id='word_1_216' title='bbox 118 2959 143 2993; x_wconf 88' lang='lat' dir='ltr'><strong>as</strong></span> <span class='ocrx_word' id='word_1_217' title='bbox 165 2949 284 3006; x_wconf 77' lang='lat' dir='ltr'><strong>apptytng</strong></span> <span class='ocrx_word' id='word_1_218' title='bbox 305 2948 365 2993; x_wconf 88' lang='lat' dir='ltr'><strong>both</strong></span> <span class='ocrx_word' id='word_1_219' title='bbox 392 2951 416 2993; x_wconf 85' lang='lat' dir='ltr'><strong>to</strong></span> <span class='ocrx_word' id='word_1_220' title='bbox 436 2948 505 2992; x_wconf 89' lang='lat' dir='ltr'><strong>mind</strong></span> <span class='ocrx_word' id='word_1_221' title='bbox 526 2948 575 2993; x_wconf 81' lang='lat' dir='ltr'><strong>end</strong></span> <span class='ocrx_word' id='word_1_222' title='bbox 604 2945 705 2991; x_wconf 62' lang='lat' dir='ltr'><strong>undas.-</strong></span> 
     </span>
    </p>

    <p class='ocr_par' dir='ltr' id='par_1_5' title="bbox 118 3012 1071 3074">
     <span class='ocr_line' id='line_1_30' title="bbox 118 3012 1071 3074; baseline -0.002 -12"><span class='ocrx_word' id='word_1_223' title='bbox 118 3018 195 3074; x_wconf 81' lang='lat' dir='ltr'><strong>body:</strong></span> <span class='ocrx_word' id='word_1_224' title='bbox 211 3017 575 3071; x_wconf 72' lang='lat' dir='ltr'><strong>helitiumincar&#39;mc,commo·</strong></span> <span class='ocrx_word' id='word_1_225' title='bbox 635 3015 670 3059; x_wconf 82' lang='lat'><strong>15.</strong></span> <span class='ocrx_word' id='word_1_226' title='bbox 686 3013 720 3059; x_wconf 79' lang='lat' dir='ltr'><strong>(ul</strong></span> <span class='ocrx_word' id='word_1_227' title='bbox 735 3012 893 3072; x_wconf 65' lang='lat' dir='ltr'><strong>podendum}</strong></span> <span class='ocrx_word' id='word_1_228' title='bbox 927 3014 966 3060; x_wconf 67' lang='lat' dir='ltr'><strong>Sta</strong></span> <span class='ocrx_word' id='word_1_229' title='bbox 981 3017 1071 3070; x_wconf 55' lang='lat' dir='ltr'><strong>edrer</strong></span> 
     </span>
    </p>

    <p class='ocr_par' dir='ltr' id='par_1_6' title="bbox 118 3084 872 3141">
     <span class='ocr_line' id='line_1_31' title="bbox 118 3084 872 3141; baseline -0.005 -9"><span class='ocrx_word' id='word_1_230' title='bbox 118 3087 202 3132; x_wconf 60' lang='lat' dir='ltr'><strong>torrem</strong></span> <span class='ocrx_word' id='word_1_231' title='bbox 212 3101 308 3132; x_wconf 73' lang='lat' dir='ltr'><strong>euticem</strong></span> <span class='ocrx_word' id='word_1_232' title='bbox 317 3087 477 3132; x_wconf 77' lang='lat' dir='ltr'><strong>iameaditnlr&#39;s</strong></span> <span class='ocrx_word' id='word_1_233' title='bbox 487 3087 515 3132; x_wconf 82' lang='lat' dir='ltr'><strong>ia</strong></span> <span class='ocrx_word' id='word_1_234' title='bbox 524 3101 575 3131; x_wconf 83' lang='lat' dir='ltr'><strong>cor·</strong></span> <span class='ocrx_word' id='word_1_235' title='bbox 604 3085 698 3138; x_wconf 63' lang='lat' dir='ltr'><strong>tersius</strong></span> <span class='ocrx_word' id='word_1_236' title='bbox 708 3091 734 3128; x_wconf 85' lang='grc' dir='ltr'><strong>ῐο</strong></span> <span class='ocrx_word' id='word_1_237' title='bbox 744 3084 872 3141; x_wconf 76' lang='lat' dir='ltr'><strong>voluptate.</strong></span> 
     </span>
    </p>

    <p class='ocr_par' dir='ltr' id='par_1_7' title="bbox 115 3152 1068 3216">
     <span class='ocr_line' id='line_1_32' title="bbox 115 3152 1068 3216; baseline -0.003 -14"><span class='ocrx_word' id='word_1_238' title='bbox 115 3157 259 3216; x_wconf 76' lang='lat' dir='ltr'><strong>pora-De</strong></span> <span class='ocrx_word' id='word_1_239' title='bbox 281 3156 333 3202; x_wconf 85' lang='lat' dir='ltr'><strong>Fin.</strong></span> <span class='ocrx_word' id='word_1_240' title='bbox 354 3157 378 3201; x_wconf 90' lang='lat' dir='ltr'><strong>ii.</strong></span> <span class='ocrx_word' id='word_1_241' title='bbox 405 3158 426 3212; x_wconf 80' lang='lat' dir='ltr'><strong>l,</strong></span> <span class='ocrx_word' id='word_1_242' title='bbox 449 3157 483 3201; x_wconf 80' lang='lat'><strong>14.</strong></span> <span class='ocrx_word' id='word_1_243' title='bbox 522 3155 575 3200; x_wconf 80' lang='lat' dir='ltr'><strong>&#39;lue</strong></span> <span class='ocrx_word' id='word_1_244' title='bbox 635 3154 670 3198; x_wconf 85' lang='lat' dir='ltr'><strong>18t</strong></span> <span class='ocrx_word' id='word_1_245' title='bbox 688 3154 780 3198; x_wconf 74' lang='lat' dir='ltr'><strong>muham</strong></span> <span class='ocrx_word' id='word_1_246' title='bbox 798 3152 914 3214; x_wconf 55' lang='grc' dir='ltr'><strong>χάοιήτω]</strong></span> <span class='ocrx_word' id='word_1_247' title='bbox 946 3153 1002 3197; x_wconf 80' lang='lat' dir='ltr'><strong>‘An</strong></span> <span class='ocrx_word' id='word_1_248' title='bbox 1018 3152 1068 3199; x_wconf 83' lang='lat' dir='ltr'><strong>evil</strong></span> 
     </span>
    </p>

    <p class='ocr_par' dir='ltr' id='par_1_8' title="bbox 119 3221 1067 3284">
     <span class='ocr_line' id='line_1_33' title="bbox 119 3221 1067 3284; baseline -0.006 -13"><span class='ocrx_word' id='word_1_249' title='bbox 119 3226 142 3284; x_wconf 83' lang='lat' dir='ltr'><strong>pl</strong></span> <span class='ocrx_word' id='word_1_250' title='bbox 150 3237 238 3272; x_wconf 70' lang='lat' dir='ltr'><strong>*asinus</strong></span> <span class='ocrx_word' id='word_1_251' title='bbox 249 3226 278 3270; x_wconf 87' lang='lat' dir='ltr'><strong>ol</strong></span> <span class='ocrx_word' id='word_1_252' title='bbox 291 3226 333 3272; x_wconf 88' lang='lat' dir='ltr'><strong>the</strong></span> <span class='ocrx_word' id='word_1_253' title='bbox 349 3227 419 3272; x_wconf 89' lang='lat' dir='ltr'><strong>miml</strong></span> <span class='ocrx_word' id='word_1_254' title='bbox 429 3238 469 3272; x_wconf 86' lang='lat' dir='ltr'><strong>are</strong></span> <span class='ocrx_word' id='word_1_255' title='bbox 479 3226 574 3282; x_wconf 86' lang='lat' dir='ltr'><strong>spoken</strong></span> <span class='ocrx_word' id='word_1_256' title='bbox 604 3221 685 3277; x_wconf 86' lang='lat' dir='ltr'><strong>deed‚&#39;</strong></span> <span class='ocrx_word' id='word_1_257' title='bbox 706 3223 738 3277; x_wconf 78' lang='lat' dir='ltr'><strong>by</strong></span> <span class='ocrx_word' id='word_1_258' title='bbox 759 3221 840 3266; x_wconf 77' lang='lat' dir='ltr'><strong>which</strong></span> <span class='ocrx_word' id='word_1_259' title='bbox 861 3223 944 3267; x_wconf 86' lang='lat' dir='ltr'><strong>others</strong></span> <span class='ocrx_word' id='word_1_260' title='bbox 964 3234 1005 3266; x_wconf 79' lang='lat' dir='ltr'><strong>em</strong></span> <span class='ocrx_word' id='word_1_261' title='bbox 1031 3222 1067 3266; x_wconf 86' lang='lat' dir='ltr'><strong>tn-</strong></span> 
     </span>
    </p>

    <p class='ocr_par' dir='ltr' id='par_1_9' title="bbox 119 3289 1072 3492">
     <span class='ocr_line' id='line_1_34' title="bbox 119 3289 1068 3351; baseline -0.004 -13"><span class='ocrx_word' id='word_1_262' title='bbox 119 3294 174 3339; x_wconf 87' lang='lat' dir='ltr'><strong>ullu</strong></span> <span class='ocrx_word' id='word_1_263' title='bbox 186 3295 236 3339; x_wconf 81' lang='lat' dir='ltr'><strong>xiii.</strong></span> <span class='ocrx_word' id='word_1_264' title='bbox 248 3295 285 3350; x_wconf 78' lang='lat' dir='ltr'><strong>tt,</strong></span> <span class='ocrx_word' id='word_1_265' title='bbox 296 3307 333 3351; x_wconf 84' lang='lat' dir='ltr'><strong>sq.</strong></span> <span class='ocrx_word' id='word_1_266' title='bbox 600 3291 689 3348; x_wconf 77' lang='lat' dir='ltr'><strong>jered:</strong></span> <span class='ocrx_word' id='word_1_267' title='bbox 699 3289 833 3350; x_wconf 67' lang='lat' dir='ltr'><strong>jupiliam.</strong></span> <span class='ocrx_word' id='word_1_268' title='bbox 845 3303 892 3335; x_wconf 91' lang='lat' dir='ltr'><strong>one</strong></span> <span class='ocrx_word' id='word_1_269' title='bbox 907 3291 970 3334; x_wconf 76' lang='lat' dir='ltr'><strong>horn</strong></span> <span class='ocrx_word' id='word_1_270' title='bbox 986 3289 1068 3334; x_wconf 78' lang='lat' dir='ltr'><strong>which</strong></span> 
     </span>
     <span class='ocr_line' id='line_1_35' title="bbox 144 3357 1072 3422; baseline -0.006 -14"><span class='ocrx_word' id='word_1_271' title='bbox 144 3363 165 3408; x_wconf 89' lang='grc'><strong>8.</strong></span> <span class='ocrx_word' id='word_1_272' title='bbox 180 3365 277 3422; x_wconf 70' lang='lat' dir='ltr'><strong>aetatis]</strong></span> <span class='ocrx_word' id='word_1_273' title='bbox 310 3365 324 3410; x_wconf 90' lang='lat' dir='ltr'><strong>l.</strong></span> <span class='ocrx_word' id='word_1_274' title='bbox 336 3377 357 3409; x_wconf 87' lang='lat' dir='ltr'><strong>e.</strong></span> <span class='ocrx_word' id='word_1_275' title='bbox 368 3361 501 3410; x_wconf 78' lang='lat' dir='ltr'><strong>senectutis:</strong></span> <span class='ocrx_word' id='word_1_276' title='bbox 604 3359 646 3404; x_wconf 85' lang='lat' dir='ltr'><strong>the</strong></span> <span class='ocrx_word' id='word_1_277' title='bbox 657 3371 746 3415; x_wconf 83' lang='lat' dir='ltr'><strong>person</strong></span> <span class='ocrx_word' id='word_1_278' title='bbox 758 3359 860 3403; x_wconf 79' lang='lat' dir='ltr'><strong>himself</strong></span> <span class='ocrx_word' id='word_1_279' title='bbox 867 3360 923 3403; x_wconf 83' lang='lat' dir='ltr'><strong>who</strong></span> <span class='ocrx_word' id='word_1_280' title='bbox 931 3357 1072 3413; x_wconf 73' lang='lat' dir='ltr'><strong>origineted</strong></span> 
     </span>
     <span class='ocr_line' id='line_1_36' title="bbox 145 3427 895 3492; baseline -0.012 -12"><span class='ocrx_word' id='word_1_281' title='bbox 145 3433 178 3479; x_wconf 84' lang='lat'><strong>12.</strong></span> <span class='ocrx_word' id='word_1_282' title='bbox 197 3433 307 3492; x_wconf 74' lang='lat' dir='ltr'><strong>Tarenti]</strong></span> <span class='ocrx_word' id='word_1_283' title='bbox 324 3433 362 3479; x_wconf 76' lang='lat' dir='ltr'><strong>Cf.</strong></span> <span class='ocrx_word' id='word_1_284' title='bbox 374 3434 406 3477; x_wconf 86' lang='lat' dir='ltr'><strong>iv.</strong></span> <span class='ocrx_word' id='word_1_285' title='bbox 420 3432 454 3475; x_wconf 87' lang='lat'><strong>11.</strong></span> <span class='ocrx_word' id='word_1_286' title='bbox 484 3430 575 3475; x_wconf 87' lang='lat' dir='ltr'><strong>Turen·</strong></span> <span class='ocrx_word' id='word_1_287' title='bbox 604 3429 626 3474; x_wconf 84' lang='lat' dir='ltr'><strong>tt</strong></span> <span class='ocrx_word' id='word_1_288' title='bbox 633 3428 741 3473; x_wconf 77' lang='lat' dir='ltr'><strong>receives</strong></span> <span class='ocrx_word' id='word_1_289' title='bbox 752 3428 793 3473; x_wconf 85' lang='lat' dir='ltr'><strong>the</strong></span> <span class='ocrx_word' id='word_1_290' title='bbox 804 3427 895 3483; x_wconf 70' lang='lat' dir='ltr'><strong>injury.</strong></span> 
     </span>
    </p>

    <p class='ocr_par' dir='ltr' id='par_1_10' title="bbox 119 3493 1067 3559">
     <span class='ocr_line' id='line_1_37' title="bbox 119 3493 1067 3559; baseline -0.007 -10"><span class='ocrx_word' id='word_1_291' title='bbox 119 3507 167 3550; x_wconf 81' lang='lat' dir='ltr'><strong>tltm</strong></span> <span class='ocrx_word' id='word_1_292' title='bbox 183 3502 386 3559; x_wconf 76' lang='lat' dir='ltr'><strong>unsrecupmrrd</strong></span> <span class='ocrx_word' id='word_1_293' title='bbox 401 3501 465 3545; x_wconf 86' lang='lat' dir='ltr'><strong>from</strong></span> <span class='ocrx_word' id='word_1_294' title='bbox 480 3499 575 3545; x_wconf 81' lang='lat' dir='ltr'><strong>Hunni·</strong></span> <span class='ocrx_word' id='word_1_295' title='bbox 633 3497 670 3542; x_wconf 75' lang='lat'><strong>21.</strong></span> <span class='ocrx_word' id='word_1_296' title='bbox 686 3496 828 3554; x_wconf 61' lang='lat' dir='ltr'><strong>comatis]</strong></span> <span class='ocrx_word' id='word_1_297' title='bbox 880 3496 920 3540; x_wconf 83' lang='lat' dir='ltr'><strong>Sc.</strong></span> <span class='ocrx_word' id='word_1_298' title='bbox 934 3493 1067 3542; x_wconf 64' lang='lat' dir='ltr'><strong>tamtan.</strong></span> 
     </span>
    </p>

    <p class='ocr_par' dir='ltr' id='par_1_11' title="bbox 119 3562 960 3630">
     <span class='ocr_line' id='line_1_38' title="bbox 119 3562 960 3630; baseline -0.01 -12"><span class='ocrx_word' id='word_1_299' title='bbox 119 3571 197 3630; x_wconf 65' lang='lat' dir='ltr'><strong>tet&#39;ts</strong></span> <span class='ocrx_word' id='word_1_300' title='bbox 209 3571 309 3627; x_wconf 75' lang='lat' dir='ltr'><strong>Factus,</strong></span> <span class='ocrx_word' id='word_1_301' title='bbox 320 3569 348 3615; x_wconf 83' lang='grc' dir='ltr'><strong>Β.</strong></span> <span class='ocrx_word' id='word_1_302' title='bbox 361 3566 388 3615; x_wconf 76' lang='lat' dir='ltr'><strong>(li</strong></span> <span class='ocrx_word' id='word_1_303' title='bbox 399 3568 456 3614; x_wconf 72' lang='lat' dir='ltr'><strong>tta-</strong></span> <span class='ocrx_word' id='word_1_304' title='bbox 603 3565 767 3625; x_wconf 63' lang='lat' dir='ltr'><strong>*warpeni</strong></span> <span class='ocrx_word' id='word_1_305' title='bbox 793 3562 960 3611; x_wconf 59' lang='lat' dir='ltr'><strong>‘tuduinum’</strong></span> 
     </span>
    </p>
   </div>
   <div class='ocr_carea' id='block_1_4' title="bbox 0 0 1261 3900">
    <p class='ocr_par' dir='ltr' id='par_1_12' title="bbox 0 0 1261 3900">
     <span class='ocr_line' id='line_1_39' title="bbox 0 0 1261 3900; baseline 0 0"><span class='ocrx_word' id='word_1_306' title='bbox 0 0 1261 3900; x_wconf 95' lang='lat' dir='ltr'><strong> </strong></span> 
     </span>
    </p>
   </div>
  </div>
 </body>
</html>
