2492 3900
175 236 233 297 256
442 233 481 285 Μ.
506 232 631 285 TULLII
654 230 850 286 CICERONIS

173 412 267 473 linum
290 408 379 471 antici
403 426 532 488 regnum
562 408 771 488 adpetentem,
793 429 868 469 num
897 408 951 488 Sp.
977 408 1124 471 Maelium

173 510 346 569 debuerunt
380 507 509 565 iuvare?
560 508 608 566 37.
630 504 678 566 Ti.
703 507 828 585 quidem
857 506 1034 567 Gracchum
1059 528 1126 568 rem

172 603 328 684 publicam
344 615 509 662 vexantem
525 622 543 661 a
558 603 596 674 Q.
611 602 775 663 Tuberone
797 603 1036 683 aequalibusque
1052 605 1126 664 ami·

172 702 216 760 cis
239 700 419 759 derelictum
446 699 637 757 videbamus.
679 686 730 758 Ac'
745 699 780 759 O.
794 699 934 759 Blossius
958 700 1125 774 Cumanus,

143 798 282 876 5lrospes
307 796 439 855 familiae
466 805 595 867 vestrae,
619 794 775 867 scaevola,
799 815 869 854 cum
892 796 932 854 ad
957 817 1016 869 me,
1041 798 1123 877 quod
1147 797 1150 801 ’

171 894 295 953 aderam
311 892 439 952 Laenati
461 904 493 951 et
515 891 642 970 Rupilio
661 891 837 951 consulibus
860 891 890 951 in
913 894 1050 967 consilio,
1071 894 1125 954 de·

170 1003 331 1070 precatum
346 990 490 1061 venisset,
505 988 585 1047 hanc
600 999 636 1047 ut
649 988 708 1047 sibi
722 988 914 1067 ignoscerem
930 1009 1054 1049 causam
1069 991 1121 1049 ad-

169 1088 296 1160 ferebat,
311 1086 393 1167 quod
409 1086 488 1146 tanti
503 1084 551 1144 Ti.
566 1084 741 1145 Gracchum
761 1084 894 1159 fecisset,
915 1096 951 1145 ut
972 1086 1122 1166 quidquid

169 1184 220 1243 ille
235 1184 338 1257 vellet,
353 1182 410 1241 sibi
425 1182 601 1242 faciendum
615 1191 748 1260 putaret.
782 1180 864 1240 Tum
879 1201 957 1260 ego:
978 1190 995 1219 “
1005 1182 1121 1242 Etiam-

121 1291 218 1353 lone,
238 1281 314 1341 site
339 1280 370 1339 in
394 1279 581 1357 Capitolium
607 1278 688 1337 faces
709 1278 787 1337 ferre
812 1277 955 1337 vellet?‘’
996 1278 1122 1339 “Num-

170 1376 287 1457 quam''
307 1376 409 1455 inquit
430 1374 606 1435 “voluisset
628 1373 660 1436 id
681 1373 826 1452 quidem3
847 1374 910 1445 sed,
925 1374 952 1433 si
965 1375 1121 1451 voluisset,

167 1472 361 1553 paruissem.'’
402 1472 529 1533 Videtis
544 1491 635 1551 quam
651 1470 767 1530 nefaria
781 1471 861 1531 vox!
903 1471 945 1530 Et
960 1472 1061 1532 hercle
1075 1472 1120 1533 ita

167 1571 249 1643 fecit,
264 1570 312 1628 vel
329 1569 397 1647 plus
412 1569 507 1628 etiam
530 1588 621 1647 quam
643 1566 742 1641 dixit;
762 1587 823 1626 non
848 1568 928 1627 enim
953 1568 1055 1647 paruit
1069 1570 1119 1629 ille

167 1666 215 1725 Ti.
240 1665 371 1725 Gracchi
397 1664 574 1737 temeritati,
598 1663 654 1723 sed
679 1663 820 1743 praefuit,
841 1683 898 1723 nec
919 1684 952 1723 se
973 1665 1119 1725 comitem

118 1776 156 1836 15
166 1762 247 1822 illins
263 1762 381 1835 furoris,
396 1761 449 1820 sed
465 1762 576 1820 ducem
591 1760 741 1840 praebuit
783 1760 894 1840 Itaque
909 1763 966 1820 hac
977 1763 1119 1837 amentia,

165 1859 346 1938 quaestione
375 1869 456 1918 nova
484 1857 671 1937 perterritus,
699 1856 730 1916 in
759 1856 867 1916 Asiam
896 1858 1049 1938 prolirgit3
1077 1859 1118 1919 ad

165 1957 268 2017 hostes
284 1977 316 2016 se
331 1956 472 2030 contulit,
486 1975 602 2036 poenas
618 1954 820 2034 reipublicae
834 1975 945 2035 graves
960 1956 1117 2036 iustasque

163 2054 320 2133 persolvit.
361 2053 458 2113 Nulla
478 2063 527 2113 est
548 2053 646 2132 igitur
666 2052 823 2111 excusatio
843 2053 972 2131 peccati,
986 2053 1011 2111 si
1027 2054 1116 2114 amici

164 2162 256 2210 causa
270 2151 463 2230 peccaveris;
483 2170 565 2223 nam,
579 2168 650 2208 cum
671 2147 864 2209 conciliatrix
886 2149 1038 2210 amicitiae
1061 2150 1116 2210 vir-

193 2310 214 2356 l.
231 2309 357 2370 Maelium]
390 2309 435 2356 See
450 2313 508 2356 nota
524 2321 556 2355 on
573 2309 623 2355 line
653 2307 782 2352 Gracchan
802 2308 950 2362 revolution,
962 2310 1007 2355 but
1019 2309 1051 2356 he
1066 2309 1115 2356 fied

163 2379 198 2435 17,
209 2392 271 2438 page
285 2381 337 2427 209,
653 2382 679 2421 to
696 2377 737 2422 the
755 2383 826 2422 court
836 2379 864 2423 ot
879 2380 1043 2434 Arismnicus,
1058 2381 1115 2426 who

191 2449 212 2494 2.
228 2449 408 2509 rempublicam
417 2448 552 2508 naaman]
583 2448 622 2505 By
653 2458 702 2490 naas
713 2446 797 2504 laying
807 2447 879 2492 claim
891 2454 917 2493 to
929 2449 971 2494 the
987 2461 1070 2495 crown
1080 2449 1110 2495 ot

161 2519 294 2576 proposing
317 2519 431 2576 agrarian
455 2518 523 2573 lawe,
544 2517 572 2564 B.
593 2517 621 2564 C.
651 2513 952 2571 Pergamum,and,aner
969 2517 1008 2562 his
1024 2519 1113 2574 defeat,

162 2586 211 2632 133.
651 2583 796 2628 committed
806 2584 908 2630 suicide.

189 2655 212 2701 3.
231 2655 260 2706 Q.
275 2653 406 2714 Tuberone]
437 2654 460 2700 A
475 2653 617 2711 nephenor
679 2653 701 2697 5.
714 2652 781 2711 qaod
799 2653 910 2713 mam]
951 2654 1114 2702 ‘Becausel

161 2724 294 2771 Africanus
305 2725 399 2779 Minor3
416 2725 447 2769 he
458 2736 508 2769 was
524 2725 621 2770 tribune
651 2733 701 2766 was
712 2722 798 2768 oneof
811 2723 853 2768 the
869 2724 980 2770 adrisers
993 2725 1113 2770 orasslst·

160 2793 190 2838 of
204 2794 246 2839 the
263 2793 350 2849 people
361 2792 421 2837 with
436 2791 472 2856 Ti.
485 2792 620 2847 Gracchus,
650 2790 807 2847 antJudnes.¹

160 2859 189 2906 Β.
200 2861 227 2906 C.
241 2861 289 2915 133,
300 2861 350 2906 and
366 2861 406 2906 led
421 2860 463 2906 the
483 2861 620 2916 opposition
680 2861 715 2906 14.
730 2860 871 2921 temeritate]
947 2863 1014 2909 ‘The
1053 2864 1112 2909 mad

160 2931 255 2985 against
274 2930 311 2974 his
333 2930 618 2989 messuros-aequali-
649 2930 777 2976 schemen!
785 2931 939 2993 -praejia't1
971 2934 1025 2979 ‘He
1036 2934 1110 2979 head·

159 2994 212 3054 baa]
244 2997 297 3042 ⁶0r
311 2997 485 3054 hlsownage.’
649 3000 776 3046 suthem!

188 3063 210 3108 4.
229 3063 256 3108 0.
283 3063 402 3123 Blassius]
444 3068 484 3111 An
509 3065 620 3112 intimate
679 3071 714 3116 16.
730 3071 877 3132 quaestione]
902 3074 1044 3133 Aquaestio
1060 3085 1110 3119 was

159 3130 240 3178 friend
250 3131 321 3177 ot'Ti.
332 3132 467 3186 Gracchus,
478 3135 527 3179 and
538 3147 553 3178 a
563 3147 619 3191 sap
645 3150 661 3183 a
667 3138 770 3194 jndiciai
781 3147 852 3185 court
862 3152 891 3186 or
900 3143 1059 3188 commission
1068 3155 1110 3199 ap

159 3205 242 3256 porter
260 3200 290 3244 of
307 3201 345 3245 his
362 3202 468 3257 political
486 3215 619 3249 mensures.
647 3207 748 3264 pointed
772 3214 799 3253 to
823 3210 919 3265 inquire
944 3212 997 3256 into
1015 3213 1110 3259 ¹crimes

160 3269 199 3313 He
209 3281 256 3312 was
264 3271 410 3314 summoned
420 3271 552 3317 nemetae
561 3285 619 3318 con·
648 3278 791 3324 committed
802 3279 899 3334 against
908 3281 950 3325 the
959 3285 1030 3326 stata.

159 3337 219 3388 suls,
237 3335 264 3380 P.
281 3335 390 3391 Popilius
411 3337 504 3382 henas
524 3342 573 3385 and
590 3341 618 3385 P.
678 3345 713 3390 19.
728 3346 825 3391 visandin
834 3346 926 3406 opinio]
972 3351 1012 3393 ‘A
1029 3349 1105 3394 belief

158 3403 283 3458 Rupilius,
302 3403 331 3448 B.
343 3403 370 3448 G.
388 3404 474 3458 laam
489 3407 518 3452 be
534 3419 618 3453 exam·
648 3414 674 3458 in
693 3415 733 3459 the
754 3415 850 3461 virtue’
871 3417 901 3462 of
914 3411 957 3462 the
974 3418 1056 3475 object
1075 3418 1105 3464 of

159 3472 216 3518 ine'd
226 3485 253 3518 as
264 3477 290 3518 to
299 3472 337 3518 hls
348 3474 517 3531 participation
535 3476 560 3521 iu
575 3478 617 3524 the
647 3494 694 3528 our
703 3483 823 3530 affection.
