<?xml version="1.0" encoding="UTF-8"?>
<!DOCTYPE html PUBLIC "-//W3C//DTD XHTML 1.0 Transitional//EN"
    "http://www.w3.org/TR/xhtml1/DTD/xhtml1-transitional.dtd">
<html xmlns="http://www.w3.org/1999/xhtml" xml:lang="en" lang="en">
 <head>
  <title>
</title>
<meta http-equiv="Content-Type" content="text/html;charset=utf-8" />
  <meta name='ocr-system' content='tesseract 3.04.00' />
  <meta name='ocr-capabilities' content='ocr_page ocr_carea ocr_par ocr_line ocrx_word'/>
</head>
<body>
  <div class='ocr_page' id='page_1' title='image "./selectionsfroml00gardgoog_0259.png"; bbox 0 0 2492 3900; ppageno 0'>
   <div class='ocr_carea' id='block_1_1' title="bbox 326 267 1082 338">
    <p class='ocr_par' dir='ltr' id='par_1_1' title="bbox 326 267 1082 338">
     <span class='ocr_line' id='line_1_1' title="bbox 326 267 1082 338; baseline 0.009 -17"><span class='ocrx_word' id='word_1_1' title='bbox 326 268 495 331; x_wconf 72' lang='lat' dir='ltr'>Laeuius,</span> <span class='ocrx_word' id='word_1_2' title='bbox 522 269 607 321; x_wconf 84' lang='lat' dir='ltr'>SIVE</span> <span class='ocrx_word' id='word_1_3' title='bbox 632 268 683 320; x_wconf 81' lang='lat' dir='ltr'>DE</span> <span class='ocrx_word' id='word_1_4' title='bbox 698 267 889 324; x_wconf 65' lang='lat' dir='ltr'>aniciam.</span> <span class='ocrx_word' id='word_1_5' title='bbox 1023 274 1082 338; x_wconf 75' lang='lat'>247</span> 
     </span>
    </p>
   </div>
   <div class='ocr_carea' id='block_1_2' title="bbox 126 445 1128 1976">
    <p class='ocr_par' dir='ltr' id='par_1_2' title="bbox 127 445 1128 1204">
     <span class='ocr_line' id='line_1_2' title="bbox 130 445 1083 527; baseline 0.005 -19"><span class='ocrx_word' id='word_1_6' title='bbox 130 448 209 521; x_wconf 79' lang='lat' dir='ltr'>Quis</span> <span class='ocrx_word' id='word_1_7' title='bbox 223 456 304 509; x_wconf 84' lang='lat' dir='ltr'>esset</span> <span class='ocrx_word' id='word_1_8' title='bbox 319 454 424 507; x_wconf 85' lang='lat' dir='ltr'>tantus</span> <span class='ocrx_word' id='word_1_9' title='bbox 438 447 557 507; x_wconf 88' lang='lat' dir='ltr'>fruetus</span> <span class='ocrx_word' id='word_1_10' title='bbox 577 445 608 506; x_wconf 92' lang='lat' dir='ltr'>in</span> <span class='ocrx_word' id='word_1_11' title='bbox 632 447 787 527; x_wconf 80' lang='lat' dir='ltr'>prosperis</span> <span class='ocrx_word' id='word_1_12' title='bbox 808 449 907 524; x_wconf 89' lang='lat' dir='ltr'>rebus,</span> <span class='ocrx_word' id='word_1_13' title='bbox 920 448 980 511; x_wconf 88' lang='lat' dir='ltr'>nisi</span> <span class='ocrx_word' id='word_1_14' title='bbox 992 450 1083 513; x_wconf 87' lang='lat' dir='ltr'>habe-</span> 
     </span>
     <span class='ocr_line' id='line_1_3' title="bbox 128 544 1081 625; baseline 0.004 -20"><span class='ocrx_word' id='word_1_15' title='bbox 128 566 178 605; x_wconf 82' lang='lat' dir='ltr'>res</span> <span class='ocrx_word' id='word_1_16' title='bbox 192 545 244 625; x_wconf 90' lang='lat' dir='ltr'>qui</span> <span class='ocrx_word' id='word_1_17' title='bbox 258 545 317 604; x_wconf 85' lang='lat' dir='ltr'>illis</span> <span class='ocrx_word' id='word_1_18' title='bbox 332 564 428 624; x_wconf 88' lang='lat' dir='ltr'>aeque</span> <span class='ocrx_word' id='word_1_19' title='bbox 442 564 477 602; x_wconf 89' lang='lat' dir='ltr'>ac</span> <span class='ocrx_word' id='word_1_20' title='bbox 492 555 526 603; x_wconf 92' lang='lat' dir='ltr'>tu</span> <span class='ocrx_word' id='word_1_21' title='bbox 541 544 607 623; x_wconf 87' lang='lat' dir='ltr'>ipse</span> <span class='ocrx_word' id='word_1_22' title='bbox 622 546 797 621; x_wconf 78' lang='lat' dir='ltr'>gauderet?</span> <span class='ocrx_word' id='word_1_23' title='bbox 832 545 994 608; x_wconf 80' lang='lat' dir='ltr'>Adversas</span> <span class='ocrx_word' id='word_1_24' title='bbox 1006 568 1081 609; x_wconf 85' lang='lat' dir='ltr'>vero</span> 
     </span>
     <span class='ocr_line' id='line_1_4' title="bbox 130 636 1082 721; baseline 0.004 -23"><span class='ocrx_word' id='word_1_25' title='bbox 130 640 206 698; x_wconf 87' lang='lat' dir='ltr'>ferre</span> <span class='ocrx_word' id='word_1_26' title='bbox 221 639 342 697; x_wconf 87' lang='lat' dir='ltr'>difficile</span> <span class='ocrx_word' id='word_1_27' title='bbox 358 647 439 697; x_wconf 89' lang='lat' dir='ltr'>esset</span> <span class='ocrx_word' id='word_1_28' title='bbox 454 636 519 697; x_wconf 90' lang='lat' dir='ltr'>sine</span> <span class='ocrx_word' id='word_1_29' title='bbox 535 657 580 709; x_wconf 92' lang='lat' dir='ltr'>eo,</span> <span class='ocrx_word' id='word_1_30' title='bbox 593 638 645 716; x_wconf 91' lang='lat' dir='ltr'>qui</span> <span class='ocrx_word' id='word_1_31' title='bbox 661 638 728 697; x_wconf 89' lang='lat' dir='ltr'>illas</span> <span class='ocrx_word' id='word_1_32' title='bbox 742 640 866 719; x_wconf 86' lang='lat' dir='ltr'>gravius</span> <span class='ocrx_word' id='word_1_33' title='bbox 881 641 974 700; x_wconf 89' lang='lat' dir='ltr'>etiam</span> <span class='ocrx_word' id='word_1_34' title='bbox 988 662 1082 721; x_wconf 91' lang='lat' dir='ltr'>quam</span> 
     </span>
     <span class='ocr_line' id='line_1_5' title="bbox 129 734 1081 819; baseline 0.003 -23"><span class='ocrx_word' id='word_1_35' title='bbox 129 746 165 796; x_wconf 84' lang='lat' dir='ltr'>tu</span> <span class='ocrx_word' id='word_1_36' title='bbox 185 736 287 795; x_wconf 82' lang='lat' dir='ltr'>ferret.</span> <span class='ocrx_word' id='word_1_37' title='bbox 327 734 471 813; x_wconf 88' lang='lat' dir='ltr'>Denique</span> <span class='ocrx_word' id='word_1_38' title='bbox 494 743 615 794; x_wconf 89' lang='lat' dir='ltr'>ceterae</span> <span class='ocrx_word' id='word_1_39' title='bbox 638 755 696 809; x_wconf 84' lang='lat' dir='ltr'>res,</span> <span class='ocrx_word' id='word_1_40' title='bbox 717 756 796 815; x_wconf 89' lang='lat' dir='ltr'>qnae</span> <span class='ocrx_word' id='word_1_41' title='bbox 817 749 1014 816; x_wconf 85' lang='lat' dir='ltr'>expetuntur,</span> <span class='ocrx_word' id='word_1_42' title='bbox 1028 760 1081 819; x_wconf 91' lang='lat' dir='ltr'>op-</span> 
     </span>
     <span class='ocr_line' id='line_1_6' title="bbox 128 831 1128 913; baseline 0.003 -20"><span class='ocrx_word' id='word_1_43' title='bbox 128 844 278 913; x_wconf 88' lang='lat' dir='ltr'>portunae</span> <span class='ocrx_word' id='word_1_44' title='bbox 290 842 364 891; x_wconf 90' lang='lat' dir='ltr'>sunt</span> <span class='ocrx_word' id='word_1_45' title='bbox 378 831 517 910; x_wconf 83' lang='lat' dir='ltr'>singulae</span> <span class='ocrx_word' id='word_1_46' title='bbox 541 832 633 891; x_wconf 89' lang='lat' dir='ltr'>rebus</span> <span class='ocrx_word' id='word_1_47' title='bbox 648 832 711 892; x_wconf 86' lang='lat' dir='ltr'>sere</span> <span class='ocrx_word' id='word_1_48' title='bbox 726 833 873 912; x_wconf 82' lang='lat' dir='ltr'>singulis:</span> <span class='ocrx_word' id='word_1_49' title='bbox 894 836 1031 908; x_wconf 89' lang='lat' dir='ltr'>divitiae,</span> <span class='ocrx_word' id='word_1_50' title='bbox 1045 846 1081 896; x_wconf 92' lang='lat' dir='ltr'>ut</span> <span class='ocrx_word' id='word_1_51' title='bbox 1110 848 1128 905; x_wconf 82' lang='lat'>5</span> 
     </span>
     <span class='ocr_line' id='line_1_7' title="bbox 129 929 1080 1011; baseline 0.004 -23"><span class='ocrx_word' id='word_1_52' title='bbox 129 942 232 1003; x_wconf 89' lang='lat' dir='ltr'>utare;</span> <span class='ocrx_word' id='word_1_53' title='bbox 247 948 328 1007; x_wconf 87' lang='lat' dir='ltr'>opes,</span> <span class='ocrx_word' id='word_1_54' title='bbox 343 939 378 988; x_wconf 96' lang='lat' dir='ltr'>ut</span> <span class='ocrx_word' id='word_1_55' title='bbox 390 929 507 1002; x_wconf 86' lang='lat' dir='ltr'>eola1·e;</span> <span class='ocrx_word' id='word_1_56' title='bbox 523 930 664 1002; x_wconf 88' lang='lat' dir='ltr'>honores,</span> <span class='ocrx_word' id='word_1_57' title='bbox 680 941 714 989; x_wconf 90' lang='lat' dir='ltr'>ut</span> <span class='ocrx_word' id='word_1_58' title='bbox 727 930 872 1006; x_wconf 88' lang='lat' dir='ltr'>laudere;</span> <span class='ocrx_word' id='word_1_59' title='bbox 893 933 1080 1011; x_wconf 87' lang='lat' dir='ltr'>voluptates,</span> 
     </span>
     <span class='ocr_line' id='line_1_8' title="bbox 129 1026 1080 1105; baseline 0.004 -20"><span class='ocrx_word' id='word_1_60' title='bbox 129 1037 164 1085; x_wconf 93' lang='lat' dir='ltr'>ut</span> <span class='ocrx_word' id='word_1_61' title='bbox 184 1026 335 1105; x_wconf 57' lang='lat' dir='ltr'>gaudeam</span> <span class='ocrx_word' id='word_1_62' title='bbox 360 1026 516 1097; x_wconf 89' lang='lat' dir='ltr'>valetud0,</span> <span class='ocrx_word' id='word_1_63' title='bbox 537 1035 572 1085; x_wconf 89' lang='lat' dir='ltr'>nt</span> <span class='ocrx_word' id='word_1_64' title='bbox 592 1026 699 1085; x_wconf 89' lang='lat' dir='ltr'>dolore</span> <span class='ocrx_word' id='word_1_65' title='bbox 723 1046 836 1101; x_wconf 77' lang='lat' dir='ltr'>carena,</span> <span class='ocrx_word' id='word_1_66' title='bbox 854 1038 887 1087; x_wconf 84' lang='lat' dir='ltr'>ct</span> <span class='ocrx_word' id='word_1_67' title='bbox 900 1029 1080 1089; x_wconf 82' lang='lat' dir='ltr'>muneribus</span> 
     </span>
     <span class='ocr_line' id='line_1_9' title="bbox 127 1122 1080 1204; baseline 0.003 -21"><span class='ocrx_word' id='word_1_68' title='bbox 127 1124 255 1201; x_wconf 84' lang='lat' dir='ltr'>fungare</span> <span class='ocrx_word' id='word_1_69' title='bbox 266 1122 419 1201; x_wconf 88' lang='lat' dir='ltr'>corporis;</span> <span class='ocrx_word' id='word_1_70' title='bbox 434 1122 570 1181; x_wconf 86' lang='lat' dir='ltr'>amicitia</span> <span class='ocrx_word' id='word_1_71' title='bbox 580 1142 629 1180; x_wconf 86' lang='lat' dir='ltr'>res</span> <span class='ocrx_word' id='word_1_72' title='bbox 639 1122 786 1200; x_wconf 84' lang='lat' dir='ltr'>plurimas</span> <span class='ocrx_word' id='word_1_73' title='bbox 798 1125 946 1198; x_wconf 88' lang='lat' dir='ltr'>eontinet,</span> <span class='ocrx_word' id='word_1_74' title='bbox 957 1145 1080 1204; x_wconf 89' lang='lat' dir='ltr'>quoquo</span> 
     </span>
    </p>

    <p class='ocr_par' dir='ltr' id='par_1_3' title="bbox 126 1219 1128 1976">
     <span class='ocr_line' id='line_1_10' title="bbox 126 1219 1080 1300; baseline 0.002 -21"><span class='ocrx_word' id='word_1_75' title='bbox 126 1230 159 1279; x_wconf 90' lang='lat' dir='ltr'>te</span> <span class='ocrx_word' id='word_1_76' title='bbox 175 1219 300 1279; x_wconf 85' lang='lat' dir='ltr'>verteris</span> <span class='ocrx_word' id='word_1_77' title='bbox 323 1228 444 1297; x_wconf 82' lang='lat' dir='ltr'>praesto</span> <span class='ocrx_word' id='word_1_78' title='bbox 459 1228 516 1292; x_wconf 90' lang='lat' dir='ltr'>est,</span> <span class='ocrx_word' id='word_1_79' title='bbox 531 1220 616 1278; x_wconf 91' lang='lat' dir='ltr'>nullo</span> <span class='ocrx_word' id='word_1_80' title='bbox 631 1220 700 1279; x_wconf 89' lang='lat' dir='ltr'>loeo</span> <span class='ocrx_word' id='word_1_81' title='bbox 713 1221 897 1294; x_wconf 76' lang='lat' dir='ltr'>excluditur,</span> <span class='ocrx_word' id='word_1_82' title='bbox 911 1242 1080 1300; x_wconf 82' lang='lat' dir='ltr'>numquam</span> 
     </span>
     <span class='ocr_line' id='line_1_11' title="bbox 126 1314 1128 1399; baseline 0.001 -23"><span class='ocrx_word' id='word_1_83' title='bbox 126 1314 354 1394; x_wconf 78' lang='lat' dir='ltr'>intempestiva,</span> <span class='ocrx_word' id='word_1_84' title='bbox 369 1334 538 1399; x_wconf 82' lang='lat' dir='ltr'>numquam</span> <span class='ocrx_word' id='word_1_85' title='bbox 554 1316 685 1374; x_wconf 82' lang='lat' dir='ltr'>molesta</span> <span class='ocrx_word' id='word_1_86' title='bbox 698 1326 755 1376; x_wconf 89' lang='lat' dir='ltr'>est.</span> <span class='ocrx_word' id='word_1_87' title='bbox 789 1316 901 1396; x_wconf 90' lang='lat' dir='ltr'>Itaque</span> <span class='ocrx_word' id='word_1_88' title='bbox 915 1338 976 1377; x_wconf 93' lang='lat' dir='ltr'>non</span> <span class='ocrx_word' id='word_1_89' title='bbox 992 1330 1079 1397; x_wconf 75' lang='lat' dir='ltr'>aqua,</span> <span class='ocrx_word' id='word_1_90' title='bbox 1090 1324 1128 1386; x_wconf 88' lang='lat'>10</span> 
     </span>
     <span class='ocr_line' id='line_1_12' title="bbox 128 1412 1079 1491; baseline 0.001 -20"><span class='ocrx_word' id='word_1_91' title='bbox 128 1433 188 1471; x_wconf 91' lang='lat' dir='ltr'>non</span> <span class='ocrx_word' id='word_1_92' title='bbox 204 1412 276 1491; x_wconf 84' lang='lat' dir='ltr'>igni,</span> <span class='ocrx_word' id='word_1_93' title='bbox 288 1421 322 1471; x_wconf 91' lang='lat' dir='ltr'>ut</span> <span class='ocrx_word' id='word_1_94' title='bbox 337 1412 431 1485; x_wconf 91' lang='lat' dir='ltr'>aiunt,</span> <span class='ocrx_word' id='word_1_95' title='bbox 446 1412 521 1470; x_wconf 87' lang='lat' dir='ltr'>loeis</span> <span class='ocrx_word' id='word_1_96' title='bbox 536 1412 675 1490; x_wconf 87' lang='lat' dir='ltr'>pluribus</span> <span class='ocrx_word' id='word_1_97' title='bbox 689 1412 806 1471; x_wconf 85' lang='lat' dir='ltr'>utimur</span> <span class='ocrx_word' id='word_1_98' title='bbox 828 1433 922 1491; x_wconf 91' lang='lat' dir='ltr'>qnam</span> <span class='ocrx_word' id='word_1_99' title='bbox 936 1413 1079 1473; x_wconf 76' lang='lat' dir='ltr'>amicitia.</span> 
     </span>
     <span class='ocr_line' id='line_1_13' title="bbox 127 1507 1080 1589; baseline 0.003 -22"><span class='ocrx_word' id='word_1_100' title='bbox 127 1508 237 1587; x_wconf 91' lang='lat' dir='ltr'>Neque</span> <span class='ocrx_word' id='word_1_101' title='bbox 253 1527 311 1586; x_wconf 85' lang='lat' dir='ltr'>ego</span> <span class='ocrx_word' id='word_1_102' title='bbox 333 1528 415 1566; x_wconf 89' lang='lat' dir='ltr'>nunc</span> <span class='ocrx_word' id='word_1_103' title='bbox 430 1508 469 1567; x_wconf 93' lang='lat' dir='ltr'>de</span> <span class='ocrx_word' id='word_1_104' title='bbox 484 1507 605 1586; x_wconf 84' lang='lat' dir='ltr'>vulgari</span> <span class='ocrx_word' id='word_1_105' title='bbox 626 1518 681 1567; x_wconf 73' lang='lat' dir='ltr'>aiat</span> <span class='ocrx_word' id='word_1_106' title='bbox 701 1508 741 1567; x_wconf 91' lang='lat' dir='ltr'>de</span> <span class='ocrx_word' id='word_1_107' title='bbox 762 1509 918 1583; x_wconf 87' lang='lat' dir='ltr'>mediocri,</span> <span class='ocrx_word' id='word_1_108' title='bbox 936 1530 1016 1589; x_wconf 89' lang='lat' dir='ltr'>quae</span> <span class='ocrx_word' id='word_1_109' title='bbox 1035 1520 1080 1570; x_wconf 88' lang='lat' dir='ltr'>ta·</span> 
     </span>
     <span class='ocr_line' id='line_1_14' title="bbox 127 1605 1080 1686; baseline 0 -21"><span class='ocrx_word' id='word_1_110' title='bbox 127 1626 198 1665; x_wconf 91' lang='lat' dir='ltr'>men</span> <span class='ocrx_word' id='word_1_111' title='bbox 221 1606 288 1684; x_wconf 85' lang='lat' dir='ltr'>ipsa</span> <span class='ocrx_word' id='word_1_112' title='bbox 308 1614 339 1663; x_wconf 89' lang='lat' dir='ltr'>et</span> <span class='ocrx_word' id='word_1_113' title='bbox 359 1605 494 1665; x_wconf 87' lang='lat' dir='ltr'>delectat</span> <span class='ocrx_word' id='word_1_114' title='bbox 515 1616 548 1665; x_wconf 91' lang='lat' dir='ltr'>et</span> <span class='ocrx_word' id='word_1_115' title='bbox 569 1605 714 1685; x_wconf 83' lang='lat' dir='ltr'>prodest3</span> <span class='ocrx_word' id='word_1_116' title='bbox 736 1605 791 1665; x_wconf 88' lang='lat' dir='ltr'>sed</span> <span class='ocrx_word' id='word_1_117' title='bbox 812 1605 852 1664; x_wconf 88' lang='lat' dir='ltr'>de</span> <span class='ocrx_word' id='word_1_118' title='bbox 874 1617 948 1665; x_wconf 81' lang='lat' dir='ltr'>vera</span> <span class='ocrx_word' id='word_1_119' title='bbox 967 1616 999 1666; x_wconf 89' lang='lat' dir='ltr'>et</span> <span class='ocrx_word' id='word_1_120' title='bbox 1011 1626 1080 1686; x_wconf 86' lang='lat' dir='ltr'>per-</span> 
     </span>
     <span class='ocr_line' id='line_1_15' title="bbox 126 1702 1079 1782; baseline 0.002 -20"><span class='ocrx_word' id='word_1_121' title='bbox 126 1704 206 1763; x_wconf 84' lang='lat' dir='ltr'>fecta</span> <span class='ocrx_word' id='word_1_122' title='bbox 220 1703 335 1781; x_wconf 92' lang='lat' dir='ltr'>loquor,</span> <span class='ocrx_word' id='word_1_123' title='bbox 350 1702 449 1780; x_wconf 88' lang='lat' dir='ltr'>qualis</span> <span class='ocrx_word' id='word_1_124' title='bbox 471 1722 586 1776; x_wconf 86' lang='lat' dir='ltr'>eorum,</span> <span class='ocrx_word' id='word_1_125' title='bbox 606 1702 659 1782; x_wconf 86' lang='lat' dir='ltr'>qui</span> <span class='ocrx_word' id='word_1_126' title='bbox 679 1702 770 1782; x_wconf 89' lang='lat' dir='ltr'>pauci</span> <span class='ocrx_word' id='word_1_127' title='bbox 791 1702 997 1777; x_wconf 83' lang='lat' dir='ltr'>nominantur,</span> <span class='ocrx_word' id='word_1_128' title='bbox 1011 1704 1079 1764; x_wconf 88' lang='lat' dir='ltr'>fuit.</span> 
     </span>
     <span class='ocr_line' id='line_1_16' title="bbox 126 1799 1127 1878; baseline 0.002 -19"><span class='ocrx_word' id='word_1_129' title='bbox 126 1800 208 1859; x_wconf 88' lang='lat' dir='ltr'>Nam</span> <span class='ocrx_word' id='word_1_130' title='bbox 234 1809 266 1859; x_wconf 91' lang='lat' dir='ltr'>et</span> <span class='ocrx_word' id='word_1_131' title='bbox 291 1799 441 1858; x_wconf 87' lang='lat' dir='ltr'>secundas</span> <span class='ocrx_word' id='word_1_132' title='bbox 460 1820 513 1859; x_wconf 87' lang='lat' dir='ltr'>res</span> <span class='ocrx_word' id='word_1_133' title='bbox 542 1800 766 1878; x_wconf 86' lang='lat' dir='ltr'>splendidiores</span> <span class='ocrx_word' id='word_1_134' title='bbox 790 1800 864 1859; x_wconf 75' lang='lat' dir='ltr'>fitcit</span> <span class='ocrx_word' id='word_1_135' title='bbox 888 1800 1033 1874; x_wconf 84' lang='lat' dir='ltr'>amicitia,</span> <span class='ocrx_word' id='word_1_136' title='bbox 1046 1800 1127 1861; x_wconf 84' lang='lat' dir='ltr'>etit</span> 
     </span>
     <span class='ocr_line' id='line_1_17' title="bbox 126 1896 884 1976; baseline 0 -18"><span class='ocrx_word' id='word_1_137' title='bbox 126 1898 270 1958; x_wconf 84' lang='lat' dir='ltr'>adversas</span> <span class='ocrx_word' id='word_1_138' title='bbox 284 1896 421 1976; x_wconf 86' lang='lat' dir='ltr'>partiens</span> <span class='ocrx_word' id='word_1_139' title='bbox 437 1899 729 1975; x_wconf 79' lang='lat' dir='ltr'>communicansque</span> <span class='ocrx_word' id='word_1_140' title='bbox 744 1897 884 1958; x_wconf 79' lang='lat' dir='ltr'>leviores·</span> 
     </span>
    </p>
   </div>
   <div class='ocr_carea' id='block_1_3' title="bbox 125 1995 1126 2463">
    <p class='ocr_par' dir='ltr' id='par_1_4' title="bbox 125 1995 1126 2463">
     <span class='ocr_line' id='line_1_18' title="bbox 126 1995 1080 2074; baseline 0.003 -20"><span class='ocrx_word' id='word_1_141' title='bbox 126 2011 129 2022; x_wconf 84' lang='lat'><em>·</em></span> <span class='ocrx_word' id='word_1_142' title='bbox 165 1995 241 2054; x_wconf 87' lang='lat' dir='ltr'><strong>VII.</strong></span> <span class='ocrx_word' id='word_1_143' title='bbox 263 1997 310 2054; x_wconf 81' lang='lat'>23.</span> <span class='ocrx_word' id='word_1_144' title='bbox 334 1995 474 2074; x_wconf 85' lang='lat' dir='ltr'>Cumque</span> <span class='ocrx_word' id='word_1_145' title='bbox 488 1995 636 2073; x_wconf 78' lang='lat' dir='ltr'>plin-imas</span> <span class='ocrx_word' id='word_1_146' title='bbox 660 2005 693 2053; x_wconf 85' lang='lat' dir='ltr'>et</span> <span class='ocrx_word' id='word_1_147' title='bbox 711 1995 862 2053; x_wconf 83' lang='lat' dir='ltr'>maximas</span> <span class='ocrx_word' id='word_1_148' title='bbox 879 1996 1080 2057; x_wconf 85' lang='lat' dir='ltr'>commodita-</span> 
     </span>
     <span class='ocr_line' id='line_1_19' title="bbox 125 2090 1080 2169; baseline -0.001 -17"><span class='ocrx_word' id='word_1_149' title='bbox 125 2102 172 2152; x_wconf 92' lang='lat' dir='ltr'>tes</span> <span class='ocrx_word' id='word_1_150' title='bbox 187 2091 321 2150; x_wconf 87' lang='lat' dir='ltr'>amicitia</span> <span class='ocrx_word' id='word_1_151' title='bbox 335 2091 502 2164; x_wconf 89' lang='lat' dir='ltr'>contineat,</span> <span class='ocrx_word' id='word_1_152' title='bbox 516 2101 584 2149; x_wconf 90' lang='lat' dir='ltr'>tum</span> <span class='ocrx_word' id='word_1_153' title='bbox 598 2090 651 2149; x_wconf 81' lang='lat' dir='ltr'>illa</span> <span class='ocrx_word' id='word_1_154' title='bbox 664 2090 809 2148; x_wconf 89' lang='lat' dir='ltr'>nimirum</span> <span class='ocrx_word' id='word_1_155' title='bbox 829 2100 966 2169; x_wconf 82' lang='lat' dir='ltr'>praestat</span> <span class='ocrx_word' id='word_1_156' title='bbox 984 2092 1080 2151; x_wconf 91' lang='lat' dir='ltr'>omni·</span> 
     </span>
     <span class='ocr_line' id='line_1_20' title="bbox 125 2187 1079 2268; baseline 0 -20"><span class='ocrx_word' id='word_1_157' title='bbox 125 2191 191 2263; x_wconf 89' lang='lat' dir='ltr'>bus,</span> <span class='ocrx_word' id='word_1_158' title='bbox 218 2189 301 2268; x_wconf 92' lang='lat' dir='ltr'>quod</span> <span class='ocrx_word' id='word_1_159' title='bbox 328 2188 443 2248; x_wconf 89' lang='lat' dir='ltr'>bonam</span> <span class='ocrx_word' id='word_1_160' title='bbox 470 2209 557 2267; x_wconf 90' lang='lat' dir='ltr'>spem</span> <span class='ocrx_word' id='word_1_161' title='bbox 580 2188 739 2267; x_wconf 85' lang='lat' dir='ltr'>praelucet</span> <span class='ocrx_word' id='word_1_162' title='bbox 766 2187 798 2246; x_wconf 91' lang='lat' dir='ltr'>in</span> <span class='ocrx_word' id='word_1_163' title='bbox 826 2197 993 2267; x_wconf 87' lang='lat' dir='ltr'>posterum,</span> <span class='ocrx_word' id='word_1_164' title='bbox 1020 2209 1079 2248; x_wconf 89' lang='lat' dir='ltr'>nee</span> 
     </span>
     <span class='ocr_line' id='line_1_21' title="bbox 126 2283 1126 2363; baseline -0.001 -17"><span class='ocrx_word' id='word_1_165' title='bbox 126 2286 279 2347; x_wconf 88' lang='lat' dir='ltr'>debilitari</span> <span class='ocrx_word' id='word_1_166' title='bbox 308 2286 427 2344; x_wconf 89' lang='lat' dir='ltr'>animos</span> <span class='ocrx_word' id='word_1_167' title='bbox 455 2296 509 2344; x_wconf 90' lang='lat' dir='ltr'>aut</span> <span class='ocrx_word' id='word_1_168' title='bbox 536 2285 647 2344; x_wconf 85' lang='lat' dir='ltr'>cadere</span> <span class='ocrx_word' id='word_1_169' title='bbox 675 2285 801 2363; x_wconf 89' lang='lat' dir='ltr'>patitur.</span> <span class='ocrx_word' id='word_1_170' title='bbox 850 2283 970 2344; x_wconf 90' lang='lat' dir='ltr'>Verum</span> <span class='ocrx_word' id='word_1_171' title='bbox 994 2285 1077 2345; x_wconf 89' lang='lat' dir='ltr'>enim</span> <span class='ocrx_word' id='word_1_172' title='bbox 1087 2294 1126 2352; x_wconf 83' lang='lat'>20</span> 
     </span>
     <span class='ocr_line' id='line_1_22' title="bbox 125 2380 1079 2463; baseline -0.004 -20"><span class='ocrx_word' id='word_1_173' title='bbox 125 2385 256 2444; x_wconf 87' lang='lat' dir='ltr'>amicum</span> <span class='ocrx_word' id='word_1_174' title='bbox 271 2383 323 2463; x_wconf 93' lang='lat' dir='ltr'>qui</span> <span class='ocrx_word' id='word_1_175' title='bbox 336 2383 482 2456; x_wconf 88' lang='lat' dir='ltr'>intuetur,</span> <span class='ocrx_word' id='word_1_176' title='bbox 497 2390 656 2461; x_wconf 89' lang='lat' dir='ltr'>tamquam</span> <span class='ocrx_word' id='word_1_177' title='bbox 672 2381 829 2460; x_wconf 85' lang='lat' dir='ltr'>exemplar</span> <span class='ocrx_word' id='word_1_178' title='bbox 843 2380 966 2459; x_wconf 87' lang='lat' dir='ltr'>aliquod</span> <span class='ocrx_word' id='word_1_179' title='bbox 981 2380 1079 2439; x_wconf 91' lang='lat' dir='ltr'>intue-</span> 
     </span>
    </p>
   </div>
   <div class='ocr_carea' id='block_1_4' title="bbox 124 2476 1079 2650">
    <p class='ocr_par' dir='ltr' id='par_1_5' title="bbox 124 2476 1079 2650">
     <span class='ocr_line' id='line_1_23' title="bbox 124 2476 1078 2555; baseline -0.007 -14"><span class='ocrx_word' id='word_1_180' title='bbox 124 2492 176 2542; x_wconf 88' lang='lat' dir='ltr'>tur</span> <span class='ocrx_word' id='word_1_181' title='bbox 189 2481 245 2541; x_wconf 91' lang='lat' dir='ltr'>sui.</span> <span class='ocrx_word' id='word_1_182' title='bbox 288 2480 440 2552; x_wconf 81' lang='lat' dir='ltr'>Quocirca</span> <span class='ocrx_word' id='word_1_183' title='bbox 454 2487 487 2538; x_wconf 88' lang='lat' dir='ltr'>et</span> <span class='ocrx_word' id='word_1_184' title='bbox 502 2479 646 2537; x_wconf 87' lang='lat' dir='ltr'>absentes</span> <span class='ocrx_word' id='word_1_185' title='bbox 661 2478 773 2536; x_wconf 88' lang='lat' dir='ltr'>adsunt</span> <span class='ocrx_word' id='word_1_186' title='bbox 788 2486 819 2535; x_wconf 92' lang='lat' dir='ltr'>et</span> <span class='ocrx_word' id='word_1_187' title='bbox 834 2486 961 2555; x_wconf 85' lang='lat' dir='ltr'>egentes</span> <span class='ocrx_word' id='word_1_188' title='bbox 983 2476 1078 2535; x_wconf 91' lang='lat' dir='ltr'>abun-</span> 
     </span>
     <span class='ocr_line' id='line_1_24' title="bbox 124 2566 1079 2650; baseline -0.005 -19"><span class='ocrx_word' id='word_1_189' title='bbox 124 2575 201 2633; x_wconf 88' lang='lat' dir='ltr'>dant</span> <span class='ocrx_word' id='word_1_190' title='bbox 224 2583 257 2632; x_wconf 90' lang='lat' dir='ltr'>et</span> <span class='ocrx_word' id='word_1_191' title='bbox 281 2570 416 2632; x_wconf 91' lang='lat' dir='ltr'>inbecilli</span> <span class='ocrx_word' id='word_1_192' title='bbox 438 2570 545 2630; x_wconf 89' lang='lat' dir='ltr'>valent</span> <span class='ocrx_word' id='word_1_193' title='bbox 569 2577 610 2643; x_wconf 88' lang='lat' dir='ltr'>et,</span> <span class='ocrx_word' id='word_1_194' title='bbox 631 2568 714 2648; x_wconf 91' lang='lat' dir='ltr'>quod</span> <span class='ocrx_word' id='word_1_195' title='bbox 739 2567 890 2626; x_wconf 88' lang='lat' dir='ltr'>difficilius</span> <span class='ocrx_word' id='word_1_196' title='bbox 914 2566 1000 2625; x_wconf 92' lang='lat' dir='ltr'>dictu</span> <span class='ocrx_word' id='word_1_197' title='bbox 1022 2575 1079 2650; x_wconf 77' lang='lat' dir='ltr'>est,</span> 
     </span>
    </p>
   </div>
   <div class='ocr_carea' id='block_1_5' title="bbox 122 2691 1079 3579">
    <p class='ocr_par' dir='ltr' id='par_1_6' title="bbox 122 2691 1079 3579">
     <span class='ocr_line' id='line_1_25' title="bbox 123 2691 1079 2751; baseline -0.008 -7"><span class='ocrx_word' id='word_1_198' title='bbox 123 2711 183 2744; x_wconf 89' lang='lat' dir='ltr'>enee</span> <span class='ocrx_word' id='word_1_199' title='bbox 195 2699 214 2741; x_wconf 87' lang='lat' dir='ltr'>is</span> <span class='ocrx_word' id='word_1_200' title='bbox 228 2697 300 2742; x_wconf 87' lang='lat' dir='ltr'>made</span> <span class='ocrx_word' id='word_1_201' title='bbox 315 2699 342 2739; x_wconf 88' lang='lat' dir='ltr'>to</span> <span class='ocrx_word' id='word_1_202' title='bbox 352 2707 368 2739; x_wconf 84' lang='lat' dir='ltr'>a</span> <span class='ocrx_word' id='word_1_203' title='bbox 377 2693 476 2740; x_wconf 87' lang='lat' dir='ltr'>definite</span> <span class='ocrx_word' id='word_1_204' title='bbox 489 2706 518 2739; x_wconf 83' lang='lat' dir='ltr'>or</span> <span class='ocrx_word' id='word_1_205' title='bbox 531 2705 588 2751; x_wconf 86' lang='lat' dir='ltr'>par·</span> <span class='ocrx_word' id='word_1_206' title='bbox 617 2693 755 2748; x_wconf 82' lang='lat' dir='ltr'>friendship</span> <span class='ocrx_word' id='word_1_207' title='bbox 765 2692 786 2736; x_wconf 86' lang='lat' dir='ltr'>is</span> <span class='ocrx_word' id='word_1_208' title='bbox 801 2692 942 2747; x_wconf 82' lang='lat' dir='ltr'>something</span> <span class='ocrx_word' id='word_1_209' title='bbox 955 2691 1010 2734; x_wconf 86' lang='lat' dir='ltr'>that</span> <span class='ocrx_word' id='word_1_210' title='bbox 1019 2703 1079 2736; x_wconf 88' lang='lat' dir='ltr'>man</span> 
     </span>
     <span class='ocr_line' id='line_1_26' title="bbox 124 2761 881 2813; baseline -0.012 -1"><span class='ocrx_word' id='word_1_211' title='bbox 124 2768 213 2813; x_wconf 87' lang='lat' dir='ltr'>ticuiar</span> <span class='ocrx_word' id='word_1_212' title='bbox 224 2764 369 2811; x_wconf 79' lang='lat' dir='ltr'>indivirlual.</span> <span class='ocrx_word' id='word_1_213' title='bbox 616 2765 708 2806; x_wconf 85' lang='lat' dir='ltr'>cannot</span> <span class='ocrx_word' id='word_1_214' title='bbox 722 2761 755 2806; x_wconf 93' lang='lat' dir='ltr'>do</span> <span class='ocrx_word' id='word_1_215' title='bbox 770 2761 881 2804; x_wconf 85' lang='lat' dir='ltr'>without.</span> 
     </span>
     <span class='ocr_line' id='line_1_27' title="bbox 152 2821 960 2892; baseline -0.01 -11"><span class='ocrx_word' id='word_1_216' title='bbox 152 2835 175 2880; x_wconf 83' lang='lat'>2.</span> <span class='ocrx_word' id='word_1_217' title='bbox 190 2832 364 2892; x_wconf 66' lang='lat' dir='ltr'>neptae-ipae]</span> <span class='ocrx_word' id='word_1_218' title='bbox 396 2832 448 2876; x_wconf 75' lang='lat' dir='ltr'>‘As</span> <span class='ocrx_word' id='word_1_219' title='bbox 465 2831 542 2876; x_wconf 88' lang='lat' dir='ltr'>much</span> <span class='ocrx_word' id='word_1_220' title='bbox 558 2843 585 2876; x_wconf 82' lang='lat' dir='ltr'>as</span> <span class='ocrx_word' id='word_1_221' title='bbox 647 2832 680 2876; x_wconf 91' lang='lat' dir='ltr'>ll.</span> <span class='ocrx_word' id='word_1_222' title='bbox 697 2831 765 2890; x_wconf 71' lang='lat' dir='ltr'>heis]</span> <span class='ocrx_word' id='word_1_223' title='bbox 797 2821 960 2874; x_wconf 62' lang='lat' dir='ltr'>‘Occasione&#39;</span> 
     </span>
     <span class='ocr_line' id='line_1_28' title="bbox 123 2898 1079 2962; baseline -0.003 -14"><span class='ocrx_word' id='word_1_224' title='bbox 123 2917 174 2962; x_wconf 85' lang='lat' dir='ltr'>you</span> <span class='ocrx_word' id='word_1_225' title='bbox 185 2900 312 2960; x_wconf 82' lang='lat' dir='ltr'>yourselt’</span> <span class='ocrx_word' id='word_1_226' title='bbox 646 2901 680 2946; x_wconf 80' lang='lat'>12.</span> <span class='ocrx_word' id='word_1_227' title='bbox 697 2899 957 2960; x_wconf 58' lang='lat' dir='ltr'>virgari-mdioeri]</span> <span class='ocrx_word' id='word_1_228' title='bbox 970 2898 1079 2945; x_wconf 76' lang='lat' dir='ltr'>Sanmi-</span> 
     </span>
     <span class='ocr_line' id='line_1_29' title="bbox 152 2971 681 3032; baseline -0.006 -13"><span class='ocrx_word' id='word_1_229' title='bbox 152 2975 174 3019; x_wconf 88' lang='lat'>3.</span> <span class='ocrx_word' id='word_1_230' title='bbox 190 2973 260 3032; x_wconf 77' lang='lat' dir='ltr'>earet]</span> <span class='ocrx_word' id='word_1_231' title='bbox 291 2972 344 3016; x_wconf 89' lang='lat' dir='ltr'>Thc</span> <span class='ocrx_word' id='word_1_232' title='bbox 365 2971 508 3016; x_wconf 83' lang='lat' dir='ltr'>conclusion</span> <span class='ocrx_word' id='word_1_233' title='bbox 525 2971 555 3015; x_wconf 87' lang='lat' dir='ltr'>of</span> <span class='ocrx_word' id='word_1_234' title='bbox 570 2983 586 3015; x_wconf 85' lang='lat' dir='ltr'>a</span> <span class='ocrx_word' id='word_1_235' title='bbox 614 2971 681 3017; x_wconf 74' lang='grc' dir='ltr'>αἰίᾶ.</span> 
     </span>
     <span class='ocr_line' id='line_1_30' title="bbox 124 3037 1075 3101; baseline -0.005 -14"><span class='ocrx_word' id='word_1_236' title='bbox 124 3042 272 3088; x_wconf 75' lang='lat' dir='ltr'>conditional</span> <span class='ocrx_word' id='word_1_237' title='bbox 292 3042 383 3094; x_wconf 86' lang='lat' dir='ltr'>clause,</span> <span class='ocrx_word' id='word_1_238' title='bbox 402 3039 431 3084; x_wconf 82' lang='lat' dir='ltr'>of</span> <span class='ocrx_word' id='word_1_239' title='bbox 448 3038 529 3082; x_wconf 83' lang='lat' dir='ltr'>which</span> <span class='ocrx_word' id='word_1_240' title='bbox 544 3039 586 3083; x_wconf 90' lang='lat' dir='ltr'>the</span> <span class='ocrx_word' id='word_1_241' title='bbox 647 3042 681 3086; x_wconf 77' lang='lat' dir='ltr'>li.</span> <span class='ocrx_word' id='word_1_242' title='bbox 697 3040 737 3101; x_wconf 75' lang='lat' dir='ltr'>qni</span> <span class='ocrx_word' id='word_1_243' title='bbox 750 3063 780 3072; x_wconf 97' lang='lat'>-</span> <span class='ocrx_word' id='word_1_244' title='bbox 794 3038 962 3097; x_wconf 80' lang='lat' dir='ltr'>nominantur]</span> <span class='ocrx_word' id='word_1_245' title='bbox 1016 3041 1023 3063; x_wconf 81' lang='lat'>¹</span> <span class='ocrx_word' id='word_1_246' title='bbox 1039 3037 1075 3083; x_wconf 72' lang='lat' dir='ltr'>Oi</span> 
     </span>
     <span class='ocr_line' id='line_1_31' title="bbox 124 3106 1078 3165; baseline -0.005 -8"><span class='ocrx_word' id='word_1_247' title='bbox 124 3112 248 3157; x_wconf 70' lang='lat' dir='ltr'>ceraunon</span> <span class='ocrx_word' id='word_1_248' title='bbox 269 3111 290 3154; x_wconf 93' lang='lat' dir='ltr'>is</span> <span class='ocrx_word' id='word_1_249' title='bbox 310 3108 410 3165; x_wconf 77' lang='lat' dir='ltr'>iniplied</span> <span class='ocrx_word' id='word_1_250' title='bbox 430 3108 456 3152; x_wconf 93' lang='lat' dir='ltr'>in</span> <span class='ocrx_word' id='word_1_251' title='bbox 475 3106 527 3152; x_wconf 82' lang='lat' dir='ltr'>sine</span> <span class='ocrx_word' id='word_1_252' title='bbox 542 3122 586 3162; x_wconf 86' lang='lat' dir='ltr'>eo;</span> <span class='ocrx_word' id='word_1_253' title='bbox 616 3112 700 3156; x_wconf 81' lang='lat' dir='ltr'>whom</span> <span class='ocrx_word' id='word_1_254' title='bbox 717 3123 733 3156; x_wconf 89' lang='lat' dir='ltr'>a</span> <span class='ocrx_word' id='word_1_255' title='bbox 750 3111 797 3155; x_wconf 83' lang='lat' dir='ltr'>few</span> <span class='ocrx_word' id='word_1_256' title='bbox 814 3121 855 3155; x_wconf 87' lang='lat' dir='ltr'>ure</span> <span class='ocrx_word' id='word_1_257' title='bbox 876 3107 1027 3163; x_wconf 78' lang='lat' dir='ltr'>recorded3’</span> <span class='ocrx_word' id='word_1_258' title='bbox 1046 3107 1078 3153; x_wconf 83' lang='lat' dir='ltr'>ei.</span> 
     </span>
     <span class='ocr_line' id='line_1_32' title="bbox 124 3177 920 3237; baseline -0.008 -10"><span class='ocrx_word' id='word_1_259' title='bbox 124 3182 162 3226; x_wconf 85' lang='lat' dir='ltr'>‘if</span> <span class='ocrx_word' id='word_1_260' title='bbox 168 3194 219 3237; x_wconf 82' lang='lat' dir='ltr'>you</span> <span class='ocrx_word' id='word_1_261' title='bbox 230 3180 278 3224; x_wconf 87' lang='lat' dir='ltr'>had</span> <span class='ocrx_word' id='word_1_262' title='bbox 290 3192 322 3223; x_wconf 89' lang='lat' dir='ltr'>uo</span> <span class='ocrx_word' id='word_1_263' title='bbox 332 3177 396 3222; x_wconf 77' lang='lat' dir='ltr'>onc’</span> <span class='ocrx_word' id='word_1_264' title='bbox 615 3186 681 3235; x_wconf 83' lang='lat' dir='ltr'>note,</span> <span class='ocrx_word' id='word_1_265' title='bbox 691 3192 753 3236; x_wconf 81' lang='lat' dir='ltr'>page</span> <span class='ocrx_word' id='word_1_266' title='bbox 763 3177 814 3233; x_wconf 76' lang='lat'>243,</span> <span class='ocrx_word' id='word_1_267' title='bbox 826 3178 873 3222; x_wconf 89' lang='lat' dir='ltr'>line</span> <span class='ocrx_word' id='word_1_268' title='bbox 883 3177 920 3222; x_wconf 83' lang='lat'>21.</span> 
     </span>
     <span class='ocr_line' id='line_1_33' title="bbox 152 3245 1078 3308; baseline -0.006 -13"><span class='ocrx_word' id='word_1_269' title='bbox 152 3251 173 3295; x_wconf 87' lang='lat'>5.</span> <span class='ocrx_word' id='word_1_270' title='bbox 190 3249 301 3308; x_wconf 78' lang='lat' dir='ltr'>sinpulae</span> <span class='ocrx_word' id='word_1_271' title='bbox 314 3270 343 3279; x_wconf 97' lang='lat'>-</span> <span class='ocrx_word' id='word_1_272' title='bbox 358 3245 471 3306; x_wconf 78' lang='lat' dir='ltr'>sirrpnlt&#39;e]</span> <span class='ocrx_word' id='word_1_273' title='bbox 517 3247 585 3292; x_wconf 86' lang='lat' dir='ltr'>‘Arc</span> <span class='ocrx_word' id='word_1_274' title='bbox 647 3249 680 3294; x_wconf 84' lang='lat'>16.</span> <span class='ocrx_word' id='word_1_275' title='bbox 693 3245 1007 3306; x_wconf 57' lang='lat' dir='ltr'>pertimescentmnnirana]</span> <span class='ocrx_word' id='word_1_276' title='bbox 1024 3245 1078 3302; x_wconf 77' lang='lat' dir='ltr'>‘By</span> 
     </span>
     <span class='ocr_line' id='line_1_34' title="bbox 123 3313 942 3374; baseline -0.005 -12"><span class='ocrx_word' id='word_1_277' title='bbox 123 3318 243 3374; x_wconf 84' lang='lat' dir='ltr'>severally</span> <span class='ocrx_word' id='word_1_278' title='bbox 270 3316 351 3362; x_wconf 81' lang='lat' dir='ltr'>suited</span> <span class='ocrx_word' id='word_1_279' title='bbox 384 3314 423 3360; x_wconf 83' lang='lat' dir='ltr'>fer</span> <span class='ocrx_word' id='word_1_280' title='bbox 453 3313 586 3371; x_wconf 86' lang='lat' dir='ltr'>particular</span> <span class='ocrx_word' id='word_1_281' title='bbox 616 3314 942 3371; x_wconf 66' lang='lat' dir='ltr'>diviuingandsnaringit!</span> 
     </span>
     <span class='ocr_line' id='line_1_35' title="bbox 123 3381 1012 3441; baseline -0.008 -8"><span class='ocrx_word' id='word_1_282' title='bbox 123 3387 200 3434; x_wconf 75' lang='lat' dir='ltr'>enda·</span> <span class='ocrx_word' id='word_1_283' title='bbox 647 3383 680 3427; x_wconf 88' lang='lat'>18.</span> <span class='ocrx_word' id='word_1_284' title='bbox 699 3382 752 3441; x_wconf 63' lang='lat' dir='ltr'>ilua]</span> <span class='ocrx_word' id='word_1_285' title='bbox 785 3383 823 3425; x_wconf 86' lang='lat' dir='ltr'>Sc.</span> <span class='ocrx_word' id='word_1_286' title='bbox 834 3381 1012 3426; x_wconf 72' lang='lat' dir='ltr'>commoditate.</span> 
     </span>
     <span class='ocr_line' id='line_1_36' title="bbox 153 3450 1077 3514; baseline -0.006 -14"><span class='ocrx_word' id='word_1_287' title='bbox 153 3456 187 3500; x_wconf 88' lang='lat'>10.</span> <span class='ocrx_word' id='word_1_288' title='bbox 204 3469 253 3501; x_wconf 79' lang='lat' dir='ltr'>tren</span> <span class='ocrx_word' id='word_1_289' title='bbox 263 3450 469 3514; x_wconf 58' lang='lat' dir='ltr'>aqttnatonipnt]</span> <span class='ocrx_word' id='word_1_290' title='bbox 500 3450 587 3495; x_wconf 85' lang='lat' dir='ltr'>Water</span> <span class='ocrx_word' id='word_1_291' title='bbox 647 3453 681 3496; x_wconf 81' lang='lat'>19.</span> <span class='ocrx_word' id='word_1_292' title='bbox 696 3451 901 3509; x_wconf 80' lang='lat' dir='ltr'>spempraelucct]</span> <span class='ocrx_word' id='word_1_293' title='bbox 928 3450 944 3494; x_wconf 92' lang='lat' dir='ltr'>i.</span> <span class='ocrx_word' id='word_1_294' title='bbox 966 3462 986 3495; x_wconf 90' lang='lat' dir='ltr'>e.</span> <span class='ocrx_word' id='word_1_295' title='bbox 1004 3463 1077 3508; x_wconf 74' lang='lat' dir='ltr'>prce·</span> 
     </span>
     <span class='ocr_line' id='line_1_37' title="bbox 122 3517 1077 3579; baseline -0.009 -9"><span class='ocrx_word' id='word_1_296' title='bbox 122 3525 173 3570; x_wconf 77' lang='lat' dir='ltr'>arrd</span> <span class='ocrx_word' id='word_1_297' title='bbox 191 3525 234 3570; x_wconf 84' lang='lat' dir='ltr'>iiro</span> <span class='ocrx_word' id='word_1_298' title='bbox 251 3536 292 3570; x_wconf 89' lang='lat' dir='ltr'>are</span> <span class='ocrx_word' id='word_1_299' title='bbox 311 3520 490 3579; x_wconf 82' lang='lat' dir='ltr'>imlispensable</span> <span class='ocrx_word' id='word_1_300' title='bbox 505 3520 586 3577; x_wconf 88' lang='lat' dir='ltr'>requi·</span> <span class='ocrx_word' id='word_1_301' title='bbox 616 3520 713 3566; x_wconf 65' lang='lat' dir='ltr'>lemnado</span> <span class='ocrx_word' id='word_1_302' title='bbox 728 3534 794 3576; x_wconf 79' lang='lat' dir='ltr'>apem</span> <span class='ocrx_word' id='word_1_303' title='bbox 806 3519 921 3576; x_wconf 82' lang='lat' dir='ltr'>praebet:</span> <span class='ocrx_word' id='word_1_304' title='bbox 937 3520 971 3562; x_wconf 90' lang='lat' dir='ltr'>‘it</span> <span class='ocrx_word' id='word_1_305' title='bbox 985 3517 1077 3562; x_wconf 79' lang='lat' dir='ltr'>affertis</span> 
     </span>
    </p>
   </div>
   <div class='ocr_carea' id='block_1_6' title="bbox 123 3583 1028 3647">
    <p class='ocr_par' dir='ltr' id='par_1_7' title="bbox 123 3583 1028 3647">
     <span class='ocr_line' id='line_1_38' title="bbox 123 3583 1028 3647; baseline -0.01 -7"><span class='ocrx_word' id='word_1_306' title='bbox 123 3597 182 3641; x_wconf 84' lang='lat' dir='ltr'>sites</span> <span class='ocrx_word' id='word_1_307' title='bbox 201 3594 241 3641; x_wconf 82' lang='lat' dir='ltr'>ior</span> <span class='ocrx_word' id='word_1_308' title='bbox 265 3594 360 3640; x_wconf 86' lang='lat' dir='ltr'>human</span> <span class='ocrx_word' id='word_1_309' title='bbox 384 3591 528 3646; x_wconf 79' lang='lat' dir='ltr'>existeue03</span> <span class='ocrx_word' id='word_1_310' title='bbox 559 3601 587 3635; x_wconf 89' lang='lat' dir='ltr'>so</span> <span class='ocrx_word' id='word_1_311' title='bbox 615 3590 680 3647; x_wconf 85' lang='lat' dir='ltr'>hope</span> <span class='ocrx_word' id='word_1_312' title='bbox 690 3590 724 3646; x_wconf 84' lang='lat' dir='ltr'>by</span> <span class='ocrx_word' id='word_1_313' title='bbox 735 3587 866 3646; x_wconf 75' lang='lat' dir='ltr'>dispelling</span> <span class='ocrx_word' id='word_1_314' title='bbox 875 3583 1028 3645; x_wconf 80' lang='lat' dir='ltr'>thegloom’</span> 
     </span>
    </p>
   </div>
   <div class='ocr_carea' id='block_1_7' title="bbox 0 0 1250 3900">
    <p class='ocr_par' dir='ltr' id='par_1_8' title="bbox 0 0 1250 3900">
     <span class='ocr_line' id='line_1_39' title="bbox 0 0 1250 3900; baseline 0 2"><span class='ocrx_word' id='word_1_315' title='bbox 0 0 1250 3900; x_wconf 95' lang='lat' dir='ltr'> </span> 
     </span>
    </p>
   </div>
  </div>
 </body>
</html>
