2492 3900
196 249 256 311 226
285 246 292 259 '
321 247 417 301 CATO
441 247 569 310 MAIOR,
593 248 679 299 SIVE
702 248 752 298 DE
778 246 1003 299 SENECTUTE.

195 434 321 487 ternos
348 424 520 503 digressum
542 432 575 485 et
595 424 761 484 discessum
783 424 861 486 fore
898 425 945 484 86.
987 422 1047 484 His
1069 423 1147 486 mihi

195 522 296 595 rebus,
311 521 423 600 Scipio,
433 556 475 567 -
485 521 518 581 id
531 521 614 581 euim
630 532 661 581 tc
682 541 751 581 curn
766 520 873 581 Laelio
887 520 1032 580 admirari
1047 522 1146 583 solere
1244 531 1245 574 f

195 617 357 691 dixisti-
366 616 443 677 levis
457 627 504 677 est
518 629 668 691 senectus,
681 638 739 678 nec
752 618 850 677 solum
865 638 927 677 non
942 618 1079 693 molesta,
1089 619 1146 679 sed

195 713 290 774 etiam
304 713 447 773 iucunda.
489 713 582 785 Quod
597 714 623 773 si
638 714 669 773 in
686 716 744 773 hoc
757 734 834 788 erro,
849 714 901 794 qui
917 714 1035 775 unirnos
1049 716 1147 774 homi·

168 809 270 870 dnum
293 810 471 871 inmortales
492 830 559 871 esse
582 811 715 884 credam,
739 810 872 871 libenter
893 832 961 871 erro
992 832 1050 872 nec
1068 813 1145 872 mihi

195 908 277 969 huno
291 928 431 981 errorem,
446 928 508 987 quo
523 907 669 981 delector,
684 908 759 967 dum
775 908 855 982 vivo,
871 909 1047 989 extorqueri
1056 910 1144 984 vol03

195 1004 243 1065 sin
257 1016 402 1077 mortuus,
416 1013 452 1063 ut
466 1003 593 1083 quidam
607 1004 720 1064 minuti
734 1004 908 1085 philosophi
922 1015 1057 1080 censent,
1069 1006 1144 1066 nihil

194 1102 335 1176 sentiam,
348 1122 410 1161 nou
424 1122 540 1175 vereor,
554 1121 594 1161 ue
608 1101 692 1161 hunc
704 1122 837 1163 errorem
852 1123 955 1163 meum
968 1102 1144 1181 philosophi

177 1188 183 1201 '
195 1198 309 1259 mortni
319 1197 483 1258 inrideant.
515 1197 609 1269 Quod
620 1197 719 1257 sinon
731 1219 837 1258 sumus
851 1198 1028 1258 inmortales
1040 1199 1145 1273 futuri,

148 1292 300 1356 10tameu
315 1294 471 1374 exstingui
487 1294 605 1353 homini
617 1315 673 1356 suo
684 1304 823 1374 tempore
835 1295 971 1374 optabile
980 1305 1037 1355 est.
1060 1294 1146 1354 Nam

195 1392 290 1452 habet
314 1402 424 1452 natura
447 1400 483 1451 ut
507 1391 638 1451 aliarum
662 1392 801 1452 omnium
823 1412 934 1466 rerum,
954 1392 999 1452 sic
1019 1391 1146 1451 vivendi

194 1490 331 1550 modum.
373 1489 523 1550 Senectus
538 1502 643 1549 autern
658 1491 768 1550 aetatis
783 1500 830 1550 est
840 1491 976 1569 peractio
987 1501 1145 1570 tamquam
1200 1478 1204 1482 ’

153 1573 159 1585 ’
196 1586 325 1661 fabulae,
339 1586 426 1646 cuius
442 1586 649 1647 defectionem
669 1587 775 1666 sugere
796 1587 952 1662 debemus,
965 1586 1146 1666 praesertim

196 1682 341 1743 adiuncti
355 1684 507 1743 satietate.
1092 1760 1097 1766 ὁ

148 1769 187 1831 15
236 1779 323 1839 Haec
345 1779 439 1840 habui
464 1781 503 1839 de
527 1790 688 1842 senectute
712 1802 791 1862 qnae
815 1782 969 1856 dicerem3
990 1781 1028 1841 ad
1054 1800 1147 1862 quarn

195 1876 314 1936 utinam
327 1876 524 1956 perveniatis,
546 1885 581 1938 ut
600 1898 645 1953 eo,
666 1899 744 1959 quae
765 1900 805 1939 ex
826 1900 875 1940 mc
896 1879 1080 1954 audistisne
1096 1898 1147 1937 ex-

194 1975 275 2054 perti
288 1974 419 2053 probare
433 1974 566 2053 possitis.
729 1973 735 1982 ’

224 2133 245 2179 1.
260 2131 333 2193 mita]
374 2133 461 2179 Limite
472 2131 656 2191 lecinmolcsto,
686 2137 1012 2195 Thiswordrrusprobably
1022 2135 1075 2181 first
1085 2133 1147 2181 used

194 2204 368 2250 andiumnda.
686 2208 720 2263 by
731 2207 824 2263 Cicero,
835 2208 891 2253 usit
901 2218 986 2252 occurs
997 2207 1022 2250 in
1032 2217 1066 2250 uo
1076 2205 1148 2250 other

222 2274 245 2319 4.
261 2271 451 2332 qui-credam]
493 2273 618 2321 ‘Because
644 2275 657 2321 1
687 2275 769 2320 writer
788 2277 872 2321 before
892 2275 932 2319 his
951 2275 1019 2319 timo.
1050 2273 1073 2318 It
1092 2273 1114 2317 is
1132 2283 1149 2318 a

193 2342 303 2400 believe:
314 2354 342 2388 or
356 2343 398 2388 ‘iu
408 2342 549 2399 helicving)
578 2343 658 2401 Many
686 2343 770 2388 verbul
781 2343 877 2389 formed
892 2343 955 2387 from
967 2343 1009 2388 the
1024 2341 1111 2400 supine
1120 2339 1151 2386 of

193 2410 598 2470 editionshavequod-credam;
613 2413 659 2456 but
683 2425 781 2471 pereyo.
812 2410 964 2458 Cf.xix.70.
996 2429 1001 2435 ·

193 2479 243 2525 this
272 2480 375 2536 reading
400 2480 421 2524 is
446 2479 577 2536 Madvig’s‚
607 2480 659 2526 ond
717 2479 751 2523 13.
766 2478 844 2538 aduc]
862 2477 1147 2537 Equivulenttor’nqud.

193 2554 256 2595 rests
266 2562 298 2595 on
312 2549 354 2596 the
369 2549 496 2607 authority
511 2548 541 2594 of
552 2549 660 2595 thebert
688 2545 888 2607 desecantem]
925 2545 986 2591 This
1002 2547 1079 2601 word,
1098 2546 1147 2592 like

193 2619 367 2677 manuscripts.
408 2659 411 2665 r
683 2613 799 2670 madio,
819 2615 841 2658 is
861 2613 1010 2658 transferred
1026 2615 1089 2658 from
1105 2613 1147 2659 tho

223 2687 245 2736 7.
261 2687 350 2732 minuti
356 2685 504 2745 philosophe]
527 2685 659 2731 ‘Nurrow-
688 2689 756 2739 stage
785 2690 809 2728 to
837 2683 929 2728 human
955 2682 1005 2734 hfc.
1030 2683 1080 2727 und
1105 2683 1147 2728 the

193 2757 296 2803 minded
304 2756 493 2814 philosophus:
505 2755 567 2800 such
577 2755 657 2801 astho
688 2752 793 2807 thought
804 2752 838 2795 is:
854 2751 944 2795 theold
953 2763 1010 2794 rnan
1019 2763 1064 2794 can
1074 2750 1147 2796 avoid

144 2849 147 2858 v
194 2826 355 2884 Epicureans.
687 2821 729 2866 the
744 2819 853 2875 defectio,
869 2833 896 2864 or
912 2819 1031 2873 ‘fallare’
1042 2819 1100 2876 only
1112 2821 1147 2876 by

225 2896 260 2942 10.
276 2911 319 2941 suo
337 2895 450 2955 tempore]
478 2895 522 2940 ‘In
544 2906 560 2940 s
584 2893 612 2939 fit
631 2906 659 2940 or
688 2889 775 2942 death;
801 2888 977 2944 consequently
1001 2887 1032 2933 he
1056 2887 1148 2933 should

194 2977 283 3023 proper
293 2965 368 3010 time)
688 2959 750 3003 wish
761 2958 800 3003 for
814 2958 888 3003 death
903 2958 928 3002 in
944 2958 974 3001 its
989 2956 1070 3012 fitting
1079 2957 1147 3012 time,

226 3033 261 3078 12.
273 3033 393 3091 peractio]
420 3033 488 3079 ‘Old
508 3044 555 3090 age
575 3032 596 3076 is
616 3032 659 3078 tho
688 3027 819 3083 especially
839 3026 861 3070 if
877 3026 909 3072 he
923 3024 969 3070 has
984 3024 1050 3071 lived
1065 3030 1090 3070 to
1105 3025 1148 3072 the

166 3115 171 3126 ¹
196 3099 244 3146 last
264 3105 304 3147 cet
322 3100 352 3146 of
369 3101 420 3157 life,
436 3112 463 3147 as
478 3101 508 3147 of
522 3115 537 3147 c
552 3099 657 3147 drama!
688 3096 737 3142 full
747 3108 791 3154 age
801 3095 831 3142 of
842 3107 910 3141 man.
