2492 3900
317 258 485 329 MELIUS,
512 268 596 319 SIVE
622 268 672 318 DE
697 268 877 318 AMICITIA.
1012 267 1070 327 267

118 445 187 519 hoc,
201 465 292 524 quem
308 445 344 503 ad
358 434 484 504 mo'dum
506 454 677 524 putaretur,
692 464 710 503 a
736 444 847 504 Biante
870 443 988 503 dictum
1006 463 1072 503 esse

118 543 265 615 crederet,
280 542 332 621 qui
360 544 481 620 sapiens
516 542 641 601 habitus
669 552 750 600 esset
779 562 857 600 unus
886 561 903 599 e
932 551 1071 619 septem;

117 638 220 717 inpuri
234 639 392 699 cuiusdam
405 650 458 697 aut
473 638 626 697 ambitiosi
638 648 692 697 aut
703 638 806 697 omnia
818 638 857 696 ad
869 658 954 697 suam
968 650 1073 715 poten-

118 736 195 794 tiam
209 734 382 795 revocantis
398 754 465 793 esse
481 734 677 793 sententiam.
720 734 864 805 Quonam
881 735 960 793 enim
978 736 1071 794 modo

118 832 280 911 quisquam
294 831 410 891 amicus
429 850 496 890 esse
516 833 633 910 poterit
654 832 729 903 eius,
750 830 799 889 cui
823 849 857 889 se
879 831 1001 909 putabit
1016 832 1071 890 ini·
1099 837 1117 896 5

117 928 232 988 micum
247 948 313 988 esse
327 928 441 1007 posse?
483 927 566 999 Quin
583 928 678 986 etiam
700 947 824 986 necesse
840 928 898 986 erit
912 949 1023 1005 cupere
1039 939 1071 988 et

117 1036 234 1103 optare,
248 1036 282 1085 ut
296 1045 388 1103 quam
409 1024 587 1103 saepissime
607 1037 716 1103 peccet
739 1024 864 1095 amicus,
886 1045 946 1102 quo
968 1026 1070 1103 planes

118 1121 173 1181 det
187 1121 244 1181 sibi
266 1135 421 1199 tamquam
443 1140 534 1179 ansas
557 1122 594 1177 ad
618 1120 907 1199 reprehendendum
919 1140 928 1193 3
949 1142 1070 1180 rursum

117 1227 222 1278 autem
237 1229 319 1276 recte
333 1217 423 1276 i'aotis
438 1216 670 1295 commodisque
691 1216 855 1274 amicorum
873 1236 997 1274 necesse
1012 1218 1071 1275 erit

117 1314 198 1392 angi,
219 1314 330 1385 dolere,
350 1313 497 1372 invidere.
539 1314 587 1372 60.
630 1312 700 1384 Qua
720 1332 752 1371 re
774 1311 968 1392 boopquidem
985 1320 1118 1390 prae-10

117 1421 251 1490 ceptum,
279 1410 499 1489 cuiuscumque
535 1419 590 1482 est,
627 1410 664 1467 ad
699 1409 869 1468 tollendam
904 1410 1071 1469 amicitiam

117 1508 222 1583 valet;
244 1507 318 1565 illud
333 1506 437 1586 potius
459 1506 709 1584 praecipiendum
732 1506 798 1577 fuit,
813 1514 848 1565 ut
862 1526 928 1564 eam
945 1508 1072 1584 diligen·

117 1605 195 1665 tiam
209 1604 422 1662 adhiberemus
437 1601 468 1661 in
485 1603 628 1662 amicitiis
643 1603 864 1681 comparandis,
877 1615 911 1661 ut
923 1625 961 1663 ne
977 1625 1070 1684 quan·

118 1702 159 1761 do
184 1722 284 1760 amare
317 1700 522 1779 inciperemus
549 1720 629 1773 eum,
655 1720 744 1780 quem
774 1700 940 1780 aliquando
967 1701 1070 1759 odisse

117 1817 287 1879 possemus.
329 1797 412 1869 Quin
440 1796 535 1855 etiam
556 1797 704 1856 siminus
726 1797 830 1856 felices
845 1798 882 1856 in
905 1798 1069 1876 deligendo
1080 1800 1117 1859 15

117 1894 290 1968 fuissemus,
303 1894 462 1953 ferendum
487 1895 519 1953 id
544 1894 647 1974 Scipio
662 1883 772 1974 ‘potius
788 1915 879 1974 quam
899 1894 1070 1956 inimicitia-

118 1990 691 2072 rumtompuscogitandumputabat.
795 2055 801 2068 .
1148 2061 1154 2073 ,

157 2087 266 2148 XVII.
288 2089 335 2160 61.
377 2087 436 2145 His
451 2087 547 2166 igitur
567 2087 680 2146 finibus
701 2089 852 2147 utendum
873 2088 1011 2162 arbitror,
1025 2099 1069 2162 ut,

117 2205 187 2246 cum
203 2184 358 2244 emendati
373 2204 474 2242 mores
489 2184 658 2243 amicorum
672 2184 742 2257 sint,
765 2196 833 2243 tum
855 2186 895 2244 sit
915 2185 996 2244 inter
1016 2206 1070 2244 eos

117 2283 253 2342 omnium
278 2301 388 2354 rerum,
409 2281 615 2353 consiliorum,
638 2283 832 2342 voluntatum
855 2281 920 2340 sine
942 2283 1004 2341 ulla
1021 2297 1116 2354 ern-20

116 2380 258 2458 ceptione
280 2377 503 2452 communitas3
525 2390 568 2449 ut,
583 2378 676 2437 etiam
691 2378 717 2437 si
733 2390 792 2457 qua
811 2377 934 2437 fortuna
954 2379 1070 2437 accide-

114 2476 164 2547 rit,
176 2484 211 2534 ut
235 2475 336 2532 minus
361 2473 461 2533 iustae
483 2475 651 2534 amicorum
675 2476 852 2533 voluntates
876 2468 1069 2533 adiuvandae

115 2571 187 2644 siut,
202 2571 232 2629 in
250 2570 361 2649 quibus
376 2591 481 2630 eorum
498 2580 551 2629 aut
566 2581 659 2650 caput
680 2580 789 2649 agatur
804 2580 858 2627 aut
871 2569 962 2641 fama,
978 2569 1069 2628 decli-

117 2669 252 2726 nandum
267 2668 306 2726 de
321 2667 372 2726 via
394 2666 442 2740 sit,
462 2667 556 2726 modo
576 2686 615 2726 ne
638 2685 759 2725 summa
778 2665 939 2742 turpitudo
960 2685 1069 2744 sequa·

139 2827 207 2871 Since,
220 2827 252 2863 for
266 2836 301 2872 my
315 2829 370 2871 part,
386 2827 396 2863 1
413 2837 447 2863 am
459 2801 512 2863 even
529 2835 578 2863 now
606 2826 672 2882 they‘
686 2824 742 2869 love
762 2836 789 2868 as
810 2823 943 2880 expectlng
962 2827 987 2867 to
1002 2824 1068 2880 hate,

115 2893 186 2920 aware
201 2885 247 2920 that
261 2893 299 2920 our
313 2892 388 2928 enemy
403 2884 419 2919 is
434 2894 457 2920 so
471 2884 504 2919 sar
517 2885 538 2919 to
552 2883 576 2919 be
606 2895 656 2940 and
666 2894 723 2938 hato
733 2906 760 2938 ag
771 2895 902 2949 expecting
912 2897 938 2936 to
951 2894 1022 2938 lom,

114 2942 177 2978 natea
186 2942 252 2986 byns,
260 2950 284 2976 as
293 2941 371 2984 though
380 2941 406 2976 iro
415 2950 464 3006 rnap
472 2944 508 2986 yet
515 2941 577 3006 again
635 2964 657 3008 6·
673 2978 756 3020 cupere
766 2967 789 3006 et
798 2960 891 3020 optare]
925 2963 1016 3019 cupere
1031 2977 1068 3008 m·

115 2999 139 3034 be
153 3007 190 3034 our
204 2998 282 3040 iricnth
296 2998 339 3034 anu
353 2999 374 3033 to
388 3005 424 3042 my
432 2998 500 3033 friend
512 2998 522 3033 1
534 2998 578 3033 will

115 3056 139 3092 bo
154 3056 232 3099 wullng
246 3056 294 3091 thus
310 3056 348 3098 sur,
363 3056 390 3100 by
399 3055 473 3099 aidlng,
482 3057 503 3090 to
518 3055 542 3090 bo
556 3055 581 3090 os
607 3032 656 3077 fers
666 3037 692 3076 to
702 3031 939 3086 lh⁰lmP¹¹l⁵0⁰flh0
949 3031 1067 3088 icelings;

114 3113 200 3152 service.
210 3121 233 3147 ns
243 3112 261 3147 il
269 3112 295 3147 iro
308 3121 363 3148 were
378 3114 414 3148 not
426 3111 505 3156 airvays
514 3113 535 3147 to
543 3119 575 3146 ro·
607 3104 690 3157 optare
699 3099 784 3143 rather
801 3102 826 3141 to
842 3099 884 3143 the
902 3099 972 3153 wish,
981 3111 1008 3142 as
1019 3101 1069 3144 tlic-

114 3169 170 3205 11121‘111
180 3178 209 3204 ⁵⁰·
607 3169 674 3213 tatoli
682 3171 716 3224 by
727 3180 823 3212 reason.
990 3164 994 3170 ⁴

145 3237 164 3281 i.
181 3235 235 3294 boc]
268 3235 321 3281 Tho
337 3235 431 3293 subJect
446 3235 577 3282 efflictum
636 3237 672 3282 23.
688 3237 770 3295 eaput]
788 3238 876 3282 ltefors
886 3239 943 3284 hore
954 3244 998 3283 not
1008 3239 1069 3296 only

113 3319 226 3351 esan-o
240 3306 339 3365 Biante]
371 3307 497 3360 ArIstotlo,
510 3307 575 3348 low-
607 3314 632 3350 to
648 3306 758 3362 physic-al
776 3306 825 3360 llio,
842 3307 886 3350 bat
903 3308 956 3352 also
971 3313 996 3351 to
1011 3306 1069 3352 ciali

113 3387 171 3420 ever
183 3375 269 3433 (Rhct.
279 3377 302 3421 li.
314 3375 576 3433 13)‚1·escrsum1mx-
607 3375 736 3431 privllcgos
752 3375 801 3419 and
816 3375 923 3430 political
934 3374 1067 3420 existence.

113 3446 148 3490 lm
165 3451 190 3490 to
206 3446 270 3500 Bias,
298 3446 322 3490 in
338 3458 353 3490 a
367 3457 469 3502 passage
486 3445 575 3497 where,
605 3443 814 3490 —decb'naodum
830 3444 910 3488 dario
924 3444 966 3502 sit]
1006 3444 1067 3488 ‘We

114 3515 233 3570 speaking
255 3514 284 3558 of
304 3514 346 3560 the
369 3513 438 3569 need,
461 3513 492 3558 iro
504 3525 574 3568 says:
606 3513 697 3557 should
713 3513 808 3557 deviato
829 3524 845 3557 a
865 3513 926 3557 little
946 3511 1011 3556 from
1025 3512 1067 3556 tiro

115 3584 269 3641 ‘Following
289 3584 331 3628 the
356 3583 441 3629 advice
462 3582 491 3628 of
510 3582 575 3639 Bias,
608 3583 733 3642 (straight)
744 3582 820 3639 path:
